2664 4822
46 425 48 438 .
152 363 221 451 548
426 369 463 436 C.
490 368 615 436 PLIN
623 369 661 437 11
687 368 795 436 NAT.
824 367 951 435 HIST.

116 502 220 569 asine
242 498 357 583 ramis,
379 523 420 568 ex
436 502 528 568 omni
542 516 638 594 parte
658 500 794 596 singulis
816 499 902 569 foliis
922 498 1074 570 rotundis
1089 497 1226 594 elegan-

150 620 201 675 ter
216 608 378 675 vestitam.
394 605 457 675 Alii
469 605 631 700 quadrato
645 593 772 695 caule⁶,
785 605 939 701 capitulis
953 606 1131 685 marrubii,
1147 604 1226 675 folio

79 789 83 798 Ι
149 738 302 806 quercus.
324 717 420 780 Hanc
438 713 537 780 etiam
563 716 719 808 praecisos
739 713 889 783 nervosi
904 713 1068 808 glutinare
1087 712 1222 780 faciunt.

60 825 68 834 “
149 818 214 886 Alii
232 804 402 888 sideritin⁸
421 819 458 885 in
474 823 624 890 maceriis
639 835 846 906 nascentem,
869 845 973 914 quum
988 833 1128 903 teratur,
1148 818 1224 887 foedi

150 925 272 994 odoris.
289 928 482 993 Etiamnum
501 925 597 994 aliam
618 927 759 996 similem
782 926 878 1006 huic,
904 925 962 1015 sed
979 924 1224 994 candidioribus

151 1031 237 1100 foliis
265 1045 299 1099 et
327 1032 578 1125 pinguioribus,
602 1034 807 1102 tenuioribus
842 1031 1031 1116 cauliculis,
1054 1033 1090 1098 in
1122 1032 1223 1100 vineis

150 1151 353 1237 nascentem.
376 1137 483 1206 Aliam
504 1164 586 1208 vero
609 1138 744 1209 binum⁹
765 1139 954 1208 cubitorum
964 1154 980 1223 ‚'
989 1136 1125 1206 ramulis
1141 1136 1223 1206 exili·

151 1244 231 1327 bus,
248 1244 437 1339 triangulis,
449 1243 529 1314 folio
545 1245 657 1332 filicis,
673 1245 825 1340 pediculo
839 1244 957 1340 longe,
976 1245 1061 1314 betae
1078 1245 1223 1330 semine,

151 1375 267 1418 omnes
283 1350 476 1420 vulneribus
491 1354 684 1447 praecipuas.
696 1355 811 1422 Nostri
823 1377 908 1437 earn,
919 1376 993 1446 quae
1006 1364 1056 1420 est
1066 1348 1223 1419 latissimo

194 1549 220 1597 6.
236 1545 293 1596 Alii
310 1545 432 1617 quadrato
448 1547 532 1610 caule,
546 1547 665 1616 capitibus
709 1545 751 1598 καὶ
767 1546 923 1617 &paratuum
944 1572 955 1593 ι
968 1545 997 1596 in
1008 1543 1139 1607 maceriis,
1154 1544 1225 1596 viue-

17 1678 20 1685 ,
95 1620 98 1632 '
153 1623 270 1676 marrubii
294 1616 452 1693 (tricolim)⁴
470 1627 666 1697 Lege,capitu·
710 1624 832 1696 usqueq-
864 1625 955 1677 Haut).
983 1653 1023 1664 —
1043 1624 1224 1676 Plellandrium

151 1704 190 1757 lis.
206 1705 266 1757 Lib.
275 1706 399 1768 XXVII,
413 1723 445 1772 9:
464 1708 517 1757 «In
528 1707 665 1759 cacumine
709 1705 842 1758 Metellina
862 1704 942 1773 Lina.
972 1698 1116 1766 (Pentaad.
1140 1704 1223 1775 digya.

151 1784 267 1855 capitula
292 1797 356 1836 sunt
386 1785 505 1838 echinata
536 1786 634 1858 spinia;
650 1812 662 1834 ι
709 1803 770 1854 gen.
788 1788 841 1855 708
857 1785 930 1839 Pers.
947 1784 999 1836 sub
1015 1785 1080 1837 Meo.
1098 1783 1221 1850 [imbellis.

153 1859 271 1932 ejusdem
285 1883 343 1934 cap.
362 1883 414 1918 11:
439 1890 450 1912 ι
465 1864 588 1936 Capitula
602 1879 666 1918 sunt
709 1861 815 1928 Juss.),
833 1864 931 1935 dequo
945 1866 999 1935 jam
1016 1862 1128 1917 dictum.
1143 1864 1195 1916 En.

152 1943 296 1996 insummo
312 1944 387 1996 caule
402 1946 520 1998 tenuia.»
537 1946 665 1999 Gaonov.
751 1965 778 2015 9.
797 1945 882 1997 Aliam
900 1963 958 1996 vero
977 1944 1057 1995 binum
1081 1945 1224 1996 cubitorum.

151 2036 193 2065 ‘-
207 2024 270 2076 Alit.
281 2024 345 2077 Haec
359 2023 474 2077 sideritis
488 2025 563 2095 prior
575 2026 665 2079 Diosc.
711 2025 815 2095 Nempe
838 2023 958 2077 sideritin
977 2021 1142 2076 Dioscuridis
1161 2024 1225 2076 alte·

151 2104 203 2167 lv,
218 2102 264 2168 33,
274 2102 308 2156 de
320 2122 371 2175 qua
382 2106 427 2157 ille
438 2105 512 2176 paria
521 2107 603 2159 refert
616 2118 667 2159 tot·
710 2123 784 2168 ram,
799 2123 878 2174 quam
888 2104 934 2155 ille
947 2102 1040 2156 iisdem
1051 2103 1165 2156 omnino
1178 2121 1226 2155 no·

152 2181 225 2236 idem
242 2185 351 2237 verbis:
367 2185 431 2237 solio
448 2203 545 2256 nempe
562 2205 666 2238 marru·
711 2185 744 2237 tis
759 2182 889 2246 delineat,
913 2184 962 2241 IV,
979 2182 1033 2248 34,
1051 2202 1117 2254 quaa·
1134 2202 1226 2236 omnes

152 2263 207 2327 bii,
233 2263 269 2316 ad
301 2262 505 2317 similitudinem
539 2264 666 2316 foliorum
711 2263 823 2334 pulchre
837 2262 936 2316 radunt
950 2264 977 2315 in
992 2282 1150 2334 eam,quam
1161 2263 1227 2336 piro-

152 2361 266 2413 quercus
277 2341 418 2396 accedente
426 2356 468 2408 ,et
477 2343 667 2416 quadrangulis
710 2345 836 2415 pinellam
845 2343 873 2394 in
888 2343 974 2396 Gallia
984 2344 1079 2412 vulgus
1093 2343 1228 2414 appellat,

37 2477 38 2481 ,
148 2423 272 2497 ¹caulibus
282 2460 290 2484 ‚
302 2423 330 2475 in
347 2423 446 2493 quibus
462 2423 610 2476 orbiculata
625 2425 668 2477 in·
711 2425 736 2475 la
746 2424 916 2494 pimprenelle:
928 2441 1008 2495 quarn
1020 2421 1226 2493 ettbryallidem

153 2501 277 2565 tardum,
290 2514 320 2554 ut
332 2503 360 2555 in
374 2503 526 2567 marrubio,
536 2505 667 2557 verticilla
711 2503 949 2573 Tlieophr.vocari
962 2501 1165 2566 diximusXXI,
1180 2507 1225 2555 61.

152 2583 363 2654 conspiciuntur.
386 2584 529 2636 Recentior
549 2596 609 2637 aetas
638 2585 667 2637 in
710 2582 797 2655 Hujus
818 2595 858 2636 est
877 2583 974 2637 eximia
992 2584 1030 2634 ris
1053 2581 1087 2635 ad
1106 2583 1226 2636 vulnera.

153 2661 268 2716 officinis
282 2662 394 2714 herbam
410 2660 559 2733 judaicam,
576 2677 604 2717 et
620 2666 667 2717 Te·
711 2664 875 2734 Anguillara,
883 2664 955 2716 Part.
971 2663 1050 2727 XIV,
1067 2682 1125 2733 pag.
1146 2665 1201 2732 257
1219 2682 1225 2714 :

147 2744 229 2803 =trabit
241 2742 357 2794 barbaro
368 2743 574 2807 nominevocat3
584 2764 599 2797 a
611 2745 667 2797 Do·
715 2770 726 2791 ι
740 2745 779 2797 La
795 2741 907 2796 secunda
921 2741 1029 2795 siderite
1048 2762 1102 2794 non
1121 2749 1137 2795 e
1158 2743 1227 2796 altra

154 2820 250 2886 donaro
263 2821 386 2892 pingitur
397 2828 463 2892 pag.
483 2831 537 2891 94,
559 2824 666 2878 Ruellio
711 2824 804 2877 chela
830 2823 988 2894 pimpinella
1017 2835 1109 2875 nostra
1134 2841 1228 2875 comu-

153 2901 346 2972 adstipulante,
366 2903 425 2965 111,
440 2921 468 2972 p.
492 2904 558 2971 594.
574 2902 665 2957 Haau.
711 2923 774 2956 ne.»
787 2906 879 2958 Hsan.
889 2898 1227 2972 -Zidnpiri;d>.>.nDiosc.

153 3014 194 3026 -
204 2979 344 3051 Zadapirtc,
357 2983 377 3034 ci
388 2978 418 3034 tt
427 2972 561 3053 Ἡράκλειαν
575 2986 666 3040 Diosc.
711 2985 762 3049 IV,
780 2984 816 3047 34
827 3025 834 3049 ,
849 2983 927 3034 nobis
938 2981 977 3035 est
990 2982 1157 3052 Sanguisorba
1167 2981 1227 3053 offi-

152 3063 204 3115 loc,
232 3060 303 3114 laud.
328 3061 405 3114 nobis
424 3060 526 3135 Staclrys
546 3065 668 3117 Heraclea
711 3057 941 3132 cinaltsffltrand.
955 3081 1083 3134 monogya.
1096 3080 1156 3133 gen.
1170 3062 1228 3132 ²9¹⁵

153 3137 299 3211 (Didyncm.
306 3160 431 3213 gymnosp.
439 3160 498 3212 gen.
510 3145 582 3210 1392
594 3146 666 3200 Pers.
711 3145 784 3197 Pers.
797 3146 885 3196 Rosac.
899 3144 969 3196 Juss
979 3138 998 3205 ).
1010 3141 1118 3195 Habitat
1127 3142 1155 3195 in
1166 3161 1228 3213 pra-

154 3220 252 3274 Labiat.
277 3218 376 3285 Juse.).
401 3221 509 3275 Habitat
534 3222 563 3275 in
584 3224 667 3278 Pede·
711 3224 744 3278 tis
769 3224 933 3278 siccioribus.
975 3222 1075 3275 Confer
1100 3221 1227 3275 Column.

48 3355 51 3360 ,
156 3302 272 3365 montio,
284 3320 346 3371 agro
358 3301 488 3354 Nicaeensi
499 3343 506 3368 ,
516 3304 630 3358 etc-En.
699 3304 812 3374 'Ecphn
826 3305 856 3369 I,
878 3305 926 3372 37,
944 3322 972 3373 p.
990 3308 1055 3364 124.
1072 3301 1227 3362 Hermodo-

194 3382 301 3450 7.Haac
311 3384 384 3433 etiam
391 3385 506 3452 praecisos
517 3403 608 3448 nervos,
617 3398 666 3438 etc.
711 3404 771 3437 rum
796 3382 962 3436 Listarchum
986 3381 1104 3452 primum
1134 3382 1230 3447 luisse,

153 3461 275 3514 Dioscor.
291 3462 343 3514 loc.
358 3462 403 3514 cit.
419 3463 523 3534 Δύναμιν
535 3461 565 3516 tt
578 3464 668 3532 ἔχειτὰ
712 3465 760 3536 qni
775 3466 844 3517 hanc
859 3463 976 3535 plantam
993 3461 1141 3528 detexerit,
1154 3462 1230 3516 affir-

154 3542 230 3611 pituta
261 3543 491 3613 καταπλασσόμενα
519 3534 666 3614 τραυμάτοὶν
712 3557 767 3598 mat
781 3544 928 3614 Anguillar.
949 3543 1001 3594 loc.
1017 3541 1141 3612 proxime
1154 3541 1229 3595 laud.

120 3682 122 3686 ,
154 3622 305 3680 κολλητικὴν,
323 3634 372 3673 etc.
384 3621 418 3674 Et
429 3635 468 3675 est
480 3642 511 3676 ea
523 3622 669 3677 dosherbae
712 3637 738 3678 et
750 3625 778 3676 in
792 3624 884 3675 insulis
900 3621 1072 3692 Archipelagi
1082 3639 1140 3672 eam
1157 3618 1232 3678 orda-

152 3700 263 3768 judaicae
277 3701 396 3772 propria.
412 3701 502 3756 Hsau.
711 3701 795 3775 pirula
809 3705 962 3756 etiamnunc
978 3699 1121 3753 nominari.
1136 3701 1233 3755 Planta

195 3784 221 3835 8.
239 3783 294 3835 Alii
305 3782 423 3833 'sideritim
439 3785 473 3836 Et
494 3782 523 3835 id
537 3783 666 3836 heraclea
712 3784 823 3837 Linnaeo
835 3783 953 3846 exoleta,
969 3780 1121 3853 superflua,
1135 3782 1180 3833 cui
1194 3795 1234 3835 ta·

154 3859 256 3916 sideriti
267 3862 354 3915 natale
365 3862 451 3916 solum
460 3903 467 3929 ,
476 3863 511 3917 de
524 3882 575 3934 qua
590 3881 613 3916 e.
632 3864 665 3916 15
712 3883 774 3917 men
786 3864 826 3916 vis
838 3861 1020 3932 adstringens,
1037 3860 1136 3912 tonica.
1151 3860 1233 3915 Conf.

153 3937 279 3995 diximus.
294 3942 416 3995 Dioscor.
431 3945 481 4010 IV,
497 3943 534 3997 35
548 3961 553 3995 :
568 3937 666 4015 thnpi·
712 3945 779 3997 Mat.
793 3942 865 3995 med.
877 3962 903 4014 p.
917 3942 964 4006 56,
976 3940 1018 3994 ed.
1031 3939 1107 3992 Schr.
1118 3939 1233 4013 Spreng.

152 4041 198 4083 τις.
212 4064 233 4076 ,.
251 4013 405 4094 Ἡράκλεια...
418 4026 523 4095 pucpirn
542 4026 565 4076 lv
577 4025 666 4092 τοίχοις
713 4024 782 4077 nist.
795 4024 844 4076 Rei
854 4022 931 4076 herb.
941 4035 960 4075 t.
970 4023 998 4085 1,
1016 4040 1043 4090 p.
1059 4019 1113 4089 159
1128 4038 1166 4091 sq.
1180 4023 1235 4078 En.
