2664 4822
208 404 276 500 572
479 405 519 471 e.
546 397 715 467 patuit
740 396 847 464 aar.
875 395 1005 462 uisa.

206 539 316 635 specie
328 537 451 632 thyrsi,
472 530 591 604 loliis¹⁰
613 528 808 598 acanthinis.
824 528 886 596 vis
904 541 998 596 tanta
1015 541 1081 612 est,
1101 542 1140 596 ut
1158 515 1280 618 cilon-

207 649 332 741 ginquo
350 667 469 713 succus
484 639 667 732 excipiatur
686 656 694 699 t
710 631 850 703 iucisae¹¹
865 648 982 720 conto,
996 633 1135 703 subditis
1147 637 1282 730 excipu-

912 743 916 790 t

211 854 358 908 svistauta
368 859 465 914 est,nt
477 845 722 916 elonginquosucp
765 843 964 907 maturuerint,
983 842 1055 895 ferro
1073 842 1195 913 punctim
1216 862 1281 914 ape-

208 953 256 988 cus
264 932 411 1004 excipiatur
423 927 510 980 incisae
519 938 617 988 conto,
628 924 723 976 subtus
766 921 888 974 riuutur:
899 922 1036 994 exquibus
1046 923 1098 975 exit
1108 923 1282 994 lartisliqnor

208 1011 331 1083 excipnlo
343 1006 493 1062 ventriculo
506 1003 627 1058 boedino:
639 1029 650 1050 ι
664 1002 722 1066 vel,
765 1002 864 1065 lentus,
874 1019 954 1072 quem
968 1001 995 1055 in
1008 1014 1095 1054 utrem
1105 1005 1209 1075 lapsum
1219 1024 1283 1057 con·

211 1089 339 1145 ·snbdito
352 1087 493 1158 excipulo,
508 1083 656 1138 ventriculo
665 1083 723 1134 hoe·
767 1079 845 1133 dunt.
868 1081 954 1133 Etiam
984 1100 1051 1134 num
1074 1083 1211 1151 Alsarbir'm
1232 1103 1281 1137 vo·

208 1172 285 1239 diuo.
298 1196 309 1217 ι
323 1167 496 1220 Ventriculus
509 1162 634 1218 bandinus
649 1161 723 1215 exci·
766 1173 857 1215 canta
874 1161 1010 1227 Haecille,
1032 1179 1091 1232 qun
1108 1161 1214 1217 dudum
1230 1183 1281 1217 an·

208 1252 267 1323 puli
275 1249 332 1301 vioe
338 1246 471 1300 subditur.
483 1245 639 1316 Excipalum,
651 1238 724 1295 tata·
767 1255 809 1295 tea
823 1255 965 1309 occuparat
979 1242 1041 1294 Job.
1055 1243 1112 1294 Leo
1127 1244 1281 1312 Africanus,

207 1323 630 1398 gaisaPorroquaescquunturita
639 1322 723 1392 legas:
768 1324 859 1375 Descr.
871 1319 986 1385 Africae,
997 1321 1043 1374 lib.
1058 1323 1114 1387 IX,
1127 1343 1189 1394 pag.
1207 1325 1279 1377 300:

209 1402 725 1462 allnmorlactisvideturdelluens:sic-
770 1400 975 1472 «Eupborbium
989 1413 1028 1453 est
1042 1403 1180 1473 cujusdam
1191 1403 1280 1456 herbe
1300 1437 1303 1444 -

206 1502 283 1555 catus
299 1504 382 1560 quum
400 1487 483 1548 coiit,
503 1485 589 1537 thuris
609 1482 724 1553 effigiem
768 1483 870 1552 liquor,
883 1499 942 1551 quas
952 1482 979 1532 in
995 1480 1105 1534 modum
1117 1484 1229 1554 capituli
1240 1485 1280 1537 sil·

210 1570 305 1633 babet;
317 1593 328 1614 ι
339 1584 424 1637 quum
431 1562 726 1627 defl'uit,bumorlactis
768 1563 863 1615 vestris
873 1559 965 1612 cardui
978 1563 1108 1626 nascitur,
1122 1565 1194 1616 inter
1207 1568 1279 1634 cujus

210 1647 337 1702 videtur:
359 1645 406 1698 obi
425 1643 551 1709 defluxit,
569 1656 596 1696 et
614 1642 726 1694 siccatus
768 1660 858 1695 ramos
878 1641 983 1692 fructus
1002 1639 1110 1711 quidam
1123 1642 1277 1714 prodeunt,

204 1728 295 1793 coiit,
307 1725 382 1780 thuri
401 1725 494 1777 similis
512 1736 559 1777 est.
581 1724 670 1775 Suasa.
685 1752 726 1763 -
769 1718 945 1773 crassitudine
960 1719 1055 1772 viridis
1069 1723 1236 1785 cucumeris,
1248 1723 1278 1777 ad

185 1806 297 1877 ⁸‚Specie
310 1806 395 1877 thyrsi.
415 1804 508 1875 Specie
520 1802 609 1857 baculi
623 1799 727 1870 longio-
768 1803 845 1870 cujus
871 1801 950 1852 etiam
978 1801 1182 1855 similitudinem
1203 1823 1279 1875 grana

212 1887 303 1958 risque
314 1885 406 1939 caulis.
417 1885 449 1936 lu
460 1884 559 1956 plantis
569 1880 598 1934 id
611 1880 685 1952 quod
698 1881 726 1932 in
770 1879 890 1953 quaedam
903 1897 1033 1950 perparva
1044 1881 1184 1945 emittunt3
1199 1885 1279 1954 longi·

212 1966 324 2038 virgulae
338 1963 463 2029 modum,
477 1964 520 2016 rel
535 1959 726 2016 telirectitudi·
771 1959 865 2013 tudine
888 1958 997 2029 quidem
1022 1960 1066 2012 alii
1089 1962 1180 2014 ulnam
1209 1982 1279 2017 exce·

206 2064 276 2110 nens
290 2045 444 2114 consurgit,
459 2043 544 2113 tbyrsi
559 2059 659 2094 nomen
677 2042 727 2093 sibi
769 2040 853 2103 dunt,
864 2039 909 2091 alii
923 2039 1003 2106 paulo
1013 2042 1091 2093 etiam
1103 2042 1226 2114 amplius.
1234 2044 1280 2096 dt·

213 2124 341 2185 vindicat.
354 2125 432 2176 Prius
444 2123 594 2192 legebatur,
609 2133 728 2190 ‹specta-
771 2139 823 2191 quc
836 2119 865 2170 bi
879 2117 987 2189 quidem
1004 2110 1107 2174 fructus
1120 2141 1177 2174 non
1192 2124 1280 2177 oriun-

215 2219 261 2260 tur
271 2204 342 2259 loliis
354 2203 509 2259 acanthinis.
520 2227 532 2248 ι
542 2203 576 2253 At
586 2200 614 2252 in
626 2203 690 2270 lirg.
702 2219 728 2265 1,
772 2213 818 2253 tur
831 2217 863 2251 ex
876 2200 974 2269 plantas
990 2201 1084 2264 ramis,
1096 2199 1142 2254 sed
1155 2202 1231 2256 velat
1241 2203 1281 2256 sti·

214 2283 522 2356 spectetursisolr'is,etc.
537 2282 569 2332 ln
587 2281 653 2349 lleg.
671 2299 685 2332 a
703 2292 729 2332 et
771 2280 841 2351 pites
855 2296 887 2330 ex
902 2278 986 2330 burno
1004 2279 1171 2349 procedunt,
1186 2294 1213 2335 et
1228 2302 1279 2336 uno
1305 2311 1307 2317 ·

215 2364 309 2423 chiffl.
320 2365 397 2434 specis
412 2364 484 2414 tansi.
499 2359 573 2413 Nihil
588 2372 627 2411 est
636 2371 728 2420 nostra
773 2359 870 2430 cespite
879 2376 948 2427 saepc
959 2359 1069 2429 viginti,
1080 2379 1279 2434 nonnumquam

215 2442 405 2500 emendatione
425 2441 531 2494 certius.
553 2439 597 2493 Sic
620 2440 728 2495 XXIV,
773 2438 852 2490 etiam
867 2437 974 2506 triginta
990 2453 1147 2495 nascuntur.
1165 2445 1281 2512 Agrestes

221 2525 275 2579 113
288 2543 296 2576 ι
310 2550 321 2572 ι
333 2521 424 2575 Herba
432 2519 525 2590 impia.
535 2558 543 2572 .
555 2558 563 2572 .
574 2520 658 2590 thyrsi
672 2537 729 2570 mo·
773 2519 829 2587 ejus
847 2517 963 2585 regionis
976 2517 1116 2585 homines,
1137 2522 1184 2573 ubi
1203 2536 1282 2576 matu·

216 2602 254 2657 do
266 2603 356 2656 vestita
369 2613 449 2669 atque
461 2599 576 2669 capitata
591 2597 726 2652 dicitur..·
772 2597 876 2650 ruerint
890 2596 1005 2660 fructus,
1017 2600 1125 2652 cultello
1144 2615 1280 2672 pungunt,

218 2686 306 2755 Atque
319 2699 351 2734 ex
364 2699 393 2733 ea
410 2697 472 2731 saue
486 2679 659 2748 intelligitur,
675 2696 730 2729 non
773 2676 846 2730 uude
865 2675 919 2729 exit
929 2676 1026 2747 liquor
1045 2679 1106 2731 lacti
1126 2681 1282 2750 persimilis,

217 2782 274 2816 esse
284 2758 465 2831 euphorbium
476 2755 731 2828 integrafaciedeli-
773 2757 819 2827 qui
837 2757 931 2809 sensim
953 2760 1103 2822 crassescit,
1122 2772 1150 2811 et
1170 2761 1284 2819 viscosus

217 2854 327 2898 nestum
345 2839 379 2891 ab
397 2838 546 2904 berberiis,
560 2856 575 2888 a
590 2837 730 2890 Dodonaeo
773 2836 898 2890 eflicitur.
913 2836 983 2888 Hinc
998 2838 1106 2891 cultello
1119 2838 1157 2890 ita
1170 2857 1283 2895 crassum

147 2952 148 2955 =
219 2919 345 2992 quidem,
357 2936 417 2989 pag.
438 2917 512 2987 374,
526 2930 552 2969 et
571 2918 683 2970 Lobelio
702 2917 730 2968 in
772 2916 905 2989 liquorem
913 2916 1284 2984 tollunt,etiuutresmittnut,

219 3003 296 3055 obas.
306 3019 333 3069 p.
347 3002 402 3061 642
412 3014 511 3066 ,quum
520 2998 610 3050 nullus
621 2997 659 3049 ibi
668 3015 729 3049 cau·
773 3009 854 3068 atque
867 2996 904 3048 sic
917 2996 1072 3048 exsiccatur.
1083 2997 1177 3060 Planta
1187 3013 1228 3055 est
1238 3019 1284 3055 uu·

219 3081 268 3146 lis,
277 3089 465 3141 ramusve,aut
475 3075 582 3148 thyrsus
590 3089 730 3147 appareat:
773 3074 856 3146 dique
871 3075 986 3144 spinosa.
996 3102 1007 3123 ι
1020 3072 1107 3128 llsnu.

220 3157 268 3214 sed
281 3159 385 3212 fructus
396 3155 544 3220 dumtaxat,
556 3156 604 3226 qui
616 3175 632 3208 e
641 3154 732 3209 radice
810 3173 862 3208 ιιο.
873 3155 959 3207 Foliis.
967 3154 1088 3208 Acantho
1098 3156 1245 3226 similibus,
1254 3158 1285 3212 de
1326 3144 1328 3153 Ι

219 3237 366 3311 prodeunt.
396 3237 530 3306 integram
561 3249 732 3306 representat
775 3234 938 3306 quodictnm
950 3247 988 3287 est
997 3235 1045 3288 tib.
1055 3236 1159 3299 XXIV,
1170 3253 1232 3310 csp'.
1241 3239 1284 3303 34.
1326 3232 1329 3295 ξ

220 3318 315 3389 scalig.
328 3317 356 3370 tn
370 3315 450 3370 cua.
467 3317 515 3369 Ex.
534 3318 643 3385 ra¹‚p.
660 3318 730 3369 aas:
776 3314 1286 3388 Quamimmeritofflintume'npnhoe
1326 3302 1329 3375 Ι

224 3397 321 3462 .Asri,
338 3397 441 3468 inquit,
463 3396 509 3466 qui
523 3395 604 3449 bodie
619 3415 634 3448 e
648 3415 731 3466 reguo
774 3395 836 3448 loco
847 3394 989 3446 Salmasius
999 3394 1027 3446 in
1041 3394 1286 3471 Praelatioue,pag.
1326 3381 1329 3432 l

221 3479 272 3531 Fas
289 3476 457 3541 estimato,
478 3494 540 3529 cum
554 3476 677 3546 Hispanis
690 3477 732 3530 iu·
778 3493 830 3544 ²9,
844 3487 888 3540 tn,
902 3475 986 3527 lector
1002 3474 1073 3545 ipse,
1090 3476 1113 3528 si
1131 3478 1218 3531 otium
1234 3492 1286 3542 est,

137 3551 143 3566 '
220 3571 286 3615 eunt
315 3555 446 3612 rationem
485 3547 731 3620 commerciorum,
775 3554 978 3608 excutellsun.

219 3639 295 3692 aiunt
309 3655 365 3690 esse
382 3635 517 3706 spinosam
533 3635 667 3704 plantam,
685 3635 731 3688 sil·
819 3635 967 3687 talaria.
980 3633 1115 3687 Inciditur
1125 3635 1218 3705 planta
1229 3657 1290 3695 eoa·

218 3719 300 3774 vestri
312 3718 409 3770 cinare
420 3713 534 3767 similem
547 3733 554 3767 t
567 3732 600 3767 ex
617 3717 673 3784 ejus
688 3733 731 3767 ra·
775 3725 804 3766 to
811 3713 948 3767 hastilive:
958 3713 1081 3767 subditur
1089 3715 1222 3773 utriculus
1230 3720 1289 3790 ,qui

218 3797 279 3852 dice
289 3795 732 3864 lructnsexire,cucumerumspe·
774 3811 885 3846 succum
897 3806 1045 3846 manantem
1056 3795 1227 3865 excipiamus
1235 3799 1289 3852 ho·

214 3879 277 3939 cie,
290 3876 339 3932 sed
357 3876 489 3945 oblongos
505 3873 593 3938 meo,
608 3885 640 3925 ut
653 3874 731 3927 binos
774 3871 803 3926 di
817 3873 975 3926 ventriculo.
991 3875 1032 3927 Ita
1049 3875 1172 3928 Dioscor.
1189 3878 1290 3948 pariter

217 3956 353 4012 interdum
376 3955 458 4026 pedes
470 3954 594 4024 expleant
607 3953 731 4016 vicenos,
775 3952 823 4006 lib.
844 3954 899 4015 111,
915 3972 974 4024 cap.
995 3957 1043 4022 96.
1060 3955 1228 4026 Excipulum
1240 3977 1289 4029 pro

216 4050 263 4091 aut
280 4036 390 4092 uicenos
413 4035 511 4106 quinos
530 4050 652 4098 numero,
674 4033 730 4085 Ubi
775 4032 890 4086 utriculo
902 4033 948 4103 qui
960 4032 1076 4103 excipit,
1088 4031 1290 4091 dictamnus
