2664 4822
207 385 276 460 568
473 391 512 457 C.
541 390 715 457 PLINII
738 381 852 457 'rt-AT.
880 389 1013 456 HIST.

205 523 308 591 habet
333 520 441 591 salicis
470 520 603 604 viridia,
626 521 743 590 florem
765 545 993 615 purpureum,
1016 520 1202 610 ¹fruticosa,
1228 509 1302 591 rat-⁵

207 628 305 698 mulis
321 628 453 714 erectis,
469 612 591 696 odore³
610 629 679 696 acri
697 653 704 695 :
722 629 871 722 gignitur
894 628 929 695 in
953 604 1117 722 aqudsisl.
1136 630 1199 697 Vis
1215 618 1300 721 ejus

66 744 70 752 '
133 787 136 796 .
206 742 299 804 tanta
316 750 380 818 est,
400 749 439 803 ut
453 734 614 826 jumentis
631 734 897 821 discordantibus
908 734 991 828 jugo
1005 735 1177 828 imposita,
1196 759 1286 826 aspe

127 828 135 898 s
205 843 335 911 ritatem
351 840 515 910 cohibeat.
757 931 762 938 ἡ

175 984 185 1016 1
260 949 424 1018 XXXVI.
444 944 601 1015 Mulieres
628 971 761 1041 quoque
784 945 874 1015 hanc
896 945 1036 1040 gloriam
1057 947 1302 1016 affectaverez'

207 1054 377 1149 inquibus
393 1050 585 1121 Artemisia¹
606 1078 691 1120 uxor
706 1050 867 1139 Mausoli,
889 1050 1065 1147 adoptata²
1082 1053 1188 1122 herba
1212 1079 1285 1148 quar

207 1175 305 1230 antea
324 1143 512 1253 parthenis³
526 1160 719 1228 vocabatur.
730 1161 814 1227 Sunt
823 1161 880 1252 qui
895 1159 938 1227 ab
948 1146 1136 1228 Artemide⁴
1146 1158 1284 1254 Ilithyia

209 1267 630 1361 cognominatam'putant,
652 1267 810 1360 quoniam
824 1266 979 1359 privatim
997 1265 1172 1335 medeatur
1185 1266 1284 1335 femi-

210 1378 328 1442 narum
351 1365 458 1440 malis.
474 1374 536 1441 Est
550 1387 661 1441 autem
677 1372 834 1441 absinthii
853 1370 953 1441 modo
969 1357 1158 1460 fruticosa⁵‚
1180 1373 1285 1467 majo·

252 1567 278 1620 3.
301 1567 393 1621 Odore.
414 1568 514 1638 Sapore
529 1579 555 1620 et
574 1579 654 1638 gustu
668 1567 724 1620 acri
769 1567 815 1638 qui
834 1568 867 1619 ab
881 1567 1035 1621 Artemidea
1047 1607 1055 1634 ‚
1066 1594 1078 1616 ι
1098 1569 1236 1640 potiorem
1249 1570 1288 1622 le·

211 1666 266 1702 esse
277 1647 339 1700 folia
354 1644 524 1700 Dioscorides
537 1645 659 1717 prodidit
670 1647 725 1700 loc.-
769 1646 886 1700 ctionem
902 1647 980 1701 duco.
993 1649 1074 1701 Puer.
1084 1648 1196 1702 -Sunt
1208 1649 1286 1722 quiab

121 1736 127 1746 “
212 1729 258 1781 eit.
272 1728 382 1796 cipetra
393 1730 416 1780 iu
431 1731 463 1794 τῇ
475 1727 568 1797 γεύσει.
579 1726 672 1780 blatan.
769 1727 896 1780 Artemide
918 1728 1029 1797 ilithyia.
1051 1728 1175 1784 Solemne
1196 1741 1287 1783 autem

255 1813 281 1871 4.
294 1807 413 1876 Gignitur
426 1805 725 1880 rituquosis.Dioscorid.
770 1819 827 1859 erat
840 1807 933 1878 graecis
946 1808 1053 1861 feminis
1069 1809 1097 1861 in
1111 1821 1191 1878 partu
1208 1808 1287 1862 Arte·
1320 1795 1323 1813 ¹

212 1887 264 1940 loc.
278 1887 323 1940 cit.
337 1888 426 1940 lirun.
770 1885 869 1938 midem
881 1887 1021 1959 Ilithyiam
1037 1888 1177 1953 invocare,
1193 1906 1287 1960 quem·

254 1968 384 2020 XXXVI.
401 1986 426 2019 1.
446 1967 588 2019 Artemisia.
608 1965 727 2018 Artemi·
771 1964 919 2019 admodum
936 1985 1053 2021 romanas
1072 1969 1210 2021 lunonem
1231 1969 1285 2020 Lu·

213 2045 279 2100 siam
293 2059 381 2100 tamen
394 2047 505 2099 herbam
519 2047 552 2098 ab
566 2044 728 2116 Hippocrate
771 2046 859 2098 cinam
877 2047 1064 2116 implorabant.
1078 2046 1286 2119 Intelligendum

214 2140 393 2199 nuncupatam
403 2160 410 2188 ,
420 2127 568 2195 antehujus
579 2125 727 2178 Artemisiae
772 2124 855 2196 igitur
866 2127 899 2178 ab
912 2126 1055 2179 obstetrice
1074 2126 1228 2193 Artemide,
1238 2128 1286 2180 hoo

215 2205 525 2278 tempora,upudipsum
537 2204 728 2275 Hippocratem
772 2218 828 2269 est,
839 2205 933 2270 Diana,
943 2205 1143 2260 denominatam
1157 2207 1285 2272 herbam,

215 2287 330 2357 reperio.
352 2284 492 2338 Artemisia
519 2284 591 2335 enim
614 2284 730 2337 Mausoli
772 2302 858 2337 nona
878 2286 1023 2338 venatrice.
1041 2285 1285 2340 Garum—Arte-

215 2385 286 2419 uxor
306 2364 471 2434 Hippocrate
488 2363 576 2415 multo
599 2364 730 2433 posterior
774 2364 845 2417 irride.
855 2363 936 2417 Ovid.
947 2366 1048 2418 Metam
1057 2365 1106 2420 lib.
1116 2367 1209 2430 1x‚v.
1223 2368 1283 2429 abb:

216 2458 262 2499 est.
276 2443 417 2498 Geminam
428 2441 597 2496 Artemisiam
611 2440 732 2514 agnoscit
778 2443 972 2514 «Praepositam
992 2445 1103 2498 tumidis
1118 2446 1281 2518 parientibus

216 2524 425 2595 Harpocration,
438 2543 498 2594 pag.
510 2523 555 2587 48.
564 2521 695 2592 Agnoscit
704 2534 731 2575 et
774 2523 919 2592 Ilithyiam.
932 2549 943 2570 »
962 2524 1054 2577 llann.

217 2605 341 2666 Taetzes,
352 2603 424 2655 Chii.
438 2605 493 2655 ΧΠ
501 2642 509 2667 ,
528 2600 558 2655 νζ
567 2606 642 2669 966,
660 2603 729 2654 Hist.
817 2601 842 2656 5.
860 2603 909 2654 Est
923 2616 1003 2655 autem
1018 2605 1133 2657 absinthii
1153 2605 1224 2658 modo
1230 2607 1282 2674 fru-

219 2684 275 2748 4⁵5
287 2706 294 2737 :
306 2685 375 2737 Μίαν
386 2674 535 2754 Ᾰρτιμισὶαν
548 2683 593 2749 μὲν
603 2682 676 2749 ἔχιις,
686 2684 730 2739 τὴν
775 2687 866 2745 tieem,
880 2684 1010 2752 majoribus
1014 2684 1087 2751 soliis
1097 2685 1281 2758 pinguibusque,

217 2770 259 2818 τοῦ
273 2755 429 2826 Μαυσώλου)
446 2754 524 2818 inm
539 2752 688 2832 Ᾰρτεμισὶαν
703 2758 732 2816 di
775 2775 825 2814 etc.
838 2763 925 2815 Multa
934 2763 986 2816 hoc
996 2764 1025 2815 in
1034 2763 1110 2829 loco,
1121 2777 1152 2816 ut
1159 2765 1279 2835 conjicio,
1312 2824 1314 2829 ,

217 2846 261 2923 pits
276 2833 420 2911 ituurbpsou
434 2836 510 2911 ἔχεις,
524 2832 603 2912 Ᾰμφω
613 2837 730 2913 iim-pu-
775 2841 837 2894 vitia
863 2840 1061 2896 delitescebant.
1087 2844 1209 2897 Primum
1233 2861 1281 2907 nott

217 2920 369 2994 rostratae,
381 2923 496 2993 γενναίας
509 2923 659 2992 ἀμφοτέρας.
679 2921 731 2974 Sed
771 2921 903 2991 pinguibus
922 2922 1064 2994 legendum
1087 2924 1224 2991 arbitror,
1242 2919 1282 2978 scd

218 3002 263 3055 ille
277 3017 420 3072 utramque
441 3000 505 3055 dicit
516 3001 600 3054 Caria
613 3002 731 3071 reginam
771 3001 949 3072 pinguioribus.
969 3001 1074 3056 Deinde
1095 3005 1209 3056 verbum
1228 3015 1286 3064 reu<

218 3082 314 3145 fuisse,
330 3095 357 3135 et
377 3080 492 3135 Mausoli
510 3079 619 3151 quidem
637 3083 730 3152 conju·
776 3093 942 3151 reputamus
956 3080 1118 3136 redundare.
1132 3074 1288 3154 Legendum.

219 3181 280 3232 gem
295 3163 414 3233 priorem
426 3163 518 3215 altera.
532 3163 625 3213 Haao.
775 3160 854 3223 item,
869 3180 1089 3234 «nonnumquam
1105 3163 1134 3214 in
1150 3161 1284 3217 maritimis

249 3262 287 3294 ·a.
304 3241 442 3311 Adoptare.
462 3241 538 3295 Hanc
558 3240 629 3293 Galli
644 3258 731 3292 armo·
776 3258 921 3294 nascens.»
936 3241 1074 3294 Postremo
1086 3243 1233 3296 verborum
1246 3260 1285 3294 or·

108 3339 109 3343 ’
218 3322 284 3376 siam
298 3335 434 3375 recantet
447 3332 559 3374 matrem
573 3319 730 3381 herbarum,
776 3319 866 3372 dinem
879 3320 1038 3374 mutandum
1053 3339 1207 3387 censemus,
1222 3321 1285 3375 utin

219 3405 330 3454 armoire.
339 3401 479 3453 ALohelio
489 3400 610 3470 pingitur
617 3400 644 3451 in
654 3399 732 3453 Obss.
775 3401 931 3452 universum
946 3402 1078 3454 scribatur
1093 3402 1131 3455 sic
1144 3421 1151 3453 :
1166 3428 1178 3450 ι
1188 3403 1236 3456 Est
1247 3420 1286 3454 cu·
1315 3454 1319 3459 .

219 3501 248 3553 p.
260 3488 326 3545 441,
338 3481 424 3551 qualis
434 3481 488 3533 risa
498 3498 513 3531 a
522 3479 600 3531 nohis
609 3480 638 3532 in
647 3478 732 3532 Horto
776 3492 829 3532 tem
845 3479 972 3532 absinthii
983 3479 1065 3532 modo
1080 3481 1221 3548 fruticosa,
1235 3499 1286 3534 ms·

220 3562 305 3632 regio.
318 3560 410 3612 Haun.
776 3559 878 3629 jorihus
900 3560 971 3612 foliis
991 3561 1249 3633 pinguioribusque,
1264 3571 1287 3613 et

261 3640 427 3694 aramma.
438 3638 600 3691 Parthenion
608 3636 732 3709 Apuleio,
777 3640 1286 3710 nonnumquaminmaritimisnascens.

220 3739 280 3791 cap.
298 3738 315 3774 x
333 3717 367 3772 de
385 3718 529 3772 Artemisia
544 3736 550 3770 ι
565 3719 640 3788 quasi
652 3718 734 3788 virgi·
778 3718 866 3788 Ipsius
874 3717 930 3770 duo
939 3737 1033 3789 genera
1045 3740 1050 3768 :
1061 3720 1144 3773 altera
1154 3720 1288 3774 latioribus

220 3819 287 3866 nes,
301 3797 375 3871 quod
386 3799 471 3851 Diana
485 3796 618 3850 inventrix
634 3815 733 3849 nornen
779 3798 864 3861 foliis,
884 3800 964 3851 altera
982 3799 1179 3852 tenuioribus.»
1202 3799 1287 3861 Diosc.

221 3880 245 3929 ei
257 3881 348 3932 herbae
359 3879 467 3941 fecerit,
478 3891 508 3929 ut
523 3876 593 3929 idem
606 3877 735 3949 significat
779 3878 826 3929 lib.
845 3879 901 3941 lV,
915 3897 973 3948 cap.
995 3877 1030 3931 de
1050 3880 1195 3932 Artemisia
1211 3898 1219 3933 :
1238 3880 1288 3930 elo

218 3977 279 4027 cap.
293 3979 340 4012 xri.
356 3960 448 4010 lirun.
781 3957 919 4013 maritimis
932 3959 1091 4029 plerumque
1104 3960 1237 4012 artemisia
1250 3977 1290 4012 nr·
1327 3966 1329 3971 '

262 4046 287 4101 4.
306 4039 369 4089 Sunt
387 4043 428 4109 qui
442 4036 473 4088 ab
488 4037 622 4089 Artemide.
648 4037 735 4093 «Sunt
779 4037 862 4090 scitur
873 4037 1000 4091 fruticosa
1014 4039 1096 4091 herba
1112 4038 1290 4094 absinthiati·
