2664 4822
447 408 610 476 ‘aranu
634 409 756 477 xxv.
822 487 831 506 ‚
988 409 995 441 ··
1073 406 1141 504 537
1175 380 1189 492 ζ

63 540 177 634 quiete
207 537 367 607 ludibriis.
400 520 600 634 Praecipiunt
613 518 902 633 ·eruere·noctu⁷‚
931 543 1087 634 quoniam
1116 545 1143 612 'si

64 646 162 739 picus
180 646 323 736 Martius
344 643 473 732 videat,
490 645 668 725 tuendo-in
686 637 800 730 oculos
822 647 983 739 impetum
1005 647 1114 719 faciat.

116 753 180 820 XI.
204 752 350 821 Pauaces
372 752 450 847 ipso
466 751 620 821 nomine¹
644 755 794 822 omnium
813 753 1008 822 morborum
1030 780 1138 825 remc-
1162 787 1174 848 r

64 856 119 953 dia
144 859 328 952 promittit,
351 857 586 928 numerosum²
608 873 642 928 et
673 860 734 928 diis
766 859 995 928 inventoribus
1020 859 1141 931 adscri-
1197 927 1199 931 .

64 978 172 1058 ptum.
192 966 309 1034 Unum
330 966 453 1060 quippe
471 951 667 1061 Asclepion³
683 966 959 1060 cognominatur,
983 969 1141 1061 quoniam

52 1105 424 1181 'epeverobocestvisum
439 1133 522 1185 quum
542 1113 583 1166 in·
629 1112 701 1185 apud
718 1113 894 1182 Theophrast.
918 1111 1032 1168 totidem
1055 1115 1144 1170 verbis

63 1203 104 1244 ter
118 1192 256 1262 vigiliam,
270 1203 298 1256 et
313 1189 431 1245 adultam
444 1193 579 1263 quietern,
628 1193 694 1246 llist.
710 1194 764 1258 IX,
779 1212 806 1262 9.
822 1192 914 1247 Hsnu.

63 1271 92 1323 in
104 1270 223 1342 quadam
233 1312 241 1335 ,
253 1284 283 1324 ut
293 1271 382 1336 aiunt,
394 1273 482 1344 prima
493 1274 581 1326 somni
665 1273 716 1325 XI.
734 1292 760 1325 1.
770 1274 880 1323 Panaces
892 1278 944 1343 ipso
954 1265 1082 1329 eumdem
1099 1281 1141 1330 τοῦ

61 1351 178 1410 nebula,
198 1350 288 1405 adbuc
309 1352 419 1424 vigilare
443 1371 472 1405 se
494 1353 581 1404 existi·
625 1352 711 1405 πάντα
727 1354 803 1415 ἀκεῖν,
813 1352 887 1422 quod
904 1354 994 1406 omnia
1005 1353 1141 1409 medetur:

62 1449 149 1494 mans,
163 1431 212 1503 qui
224 1430 342 1484 dormire
353 1432 398 1484 rix
409 1433 500 1504 eupit,
513 1431 581 1502 aspi·
625 1433 681 1485 sive
698 1451 711 1484 a
726 1437 776 1485 πᾶν
788 1444 814 1484 et
827 1433 899 1497 ἄκος,
910 1433 962 1486 hoc
971 1446 1024 1498 est,
1038 1435 1072 1487 ab
1082 1455 1142 1489 om·

62 1529 121 1563 cere
143 1510 255 1564 videtur
277 1512 410 1564 irruentes
427 1512 464 1564 'in
486 1531 512 1563 se
537 1513 580 1564 vel
624 1513 652 1565 ni
663 1512 793 1565 remedio.
804 1512 897 1564 Hanu.

60 1591 160 1660 passim
182 1604 305 1661 vagantes
327 1592 455 1645 formas...
475 1591 508 1643 In
527 1591 580 1645 hoe
667 1594 872 1645 arNrtmarosam.
886 1591 1087 1662 Theophrastus
1095 1612 1140 1647 sex

60 1688 159 1740 genere
176 1683 216 1723 est
235 1672 579 1742 iqtdlmt‚quen1prtblica
624 1670 751 1726 describit
769 1672 876 1743 panacis
891 1690 988 1742 genera
1006 1672 1076 1724 Hist.
1091 1673 1139 1727 lib.

60 1750 200 1822 persuasio¹
218 1751 382 1821 quiescentes
397 1753 523 1822 opinatur
538 1752 580 1803 iu·
623 1753 672 1804 1X;
687 1751 812 1805 Primum
826 1751 950 1822 Syrium,
961 1769 1018 1822 cap.
1040 1770 1080 1813 ro,
1095 1771 1141 1805 cu·

51 1820 176 1895 ¹vadere,
191 1842 217 1883 et
230 1829 352 1900 pondere
367 1849 416 1895 suo
429 1850 534 1904 pressos
548 1850 579 1884 ac
621 1832 665 1901 jus
682 1831 757 1884 radix
776 1831 847 1883 irino
868 1843 1008 1900 unguento
1029 1830 1140 1885 additur

61 1909 206 1962 sentientes
219 1929 338 1981 gravare.
355 1936 366 1958 ι
383 1911 578 1980 Dehocgene·
623 1911 658 1962 ob
671 1911 1140 1981 suaveolentiam,secaturpermes·
1236 1969 1251 1988 α

60 2007 91 2041 re
102 1989 195 2041 morbi
210 1990 289 2059 plura
300 1990 363 2043 Cael.
373 1991 463 2043 Aurel.
477 1992 530 2054 ΙΙΙ,
542 1991 575 2044 3:
622 2009 693 2054 sem,
708 1988 837 2042 validiore
853 2003 942 2043 tamen
954 1991 1062 2042 semine.
1080 1990 1138 2063 Ego

61 2090 73 2112 α
88 2066 210 2133 Quidam
224 2082 338 2135 veteres,
356 2069 460 2140 inquit,
473 2069 577 2141 ephial·
622 2089 654 2122 ex
663 2070 772 2139 spatha,
782 2071 892 2140 myrrha
903 2069 988 2134 ,oleo,
1003 2068 1069 2121 iride
1078 2082 1136 2123 tan·

60 2160 107 2201 ten
135 2161 328 2202 vocaverunt...
354 2149 444 2202 Allicit
467 2151 576 2221 crapula
622 2161 678 2200 tum
693 2162 860 2220 unguentum
877 2146 905 2200 id
918 2148 1008 2217 parari
1019 2149 1135 2219 reperio.

59 2228 103 2280 vel
113 2226 291 2302 indigestione
300 2230 356 2300 jugi
367 2242 483 2283 vexatos.
494 2269 517 2282 ..
531 2229 578 2282 Se·
621 2229 750 2299 Quinque
761 2229 812 2282 ulia
831 2246 928 2299 genera
944 2245 1001 2298 cap.
1023 2246 1055 2280 12
1070 2230 1137 2281 refe·

58 2307 155 2378 quitur
164 2326 215 2378 per
230 2327 353 2360 somnum
367 2307 482 2378 gravedo
498 2322 576 2380 atque
621 2322 719 2361 runtur
731 2315 748 2362 :'
763 2309 815 2362 tria
833 2310 887 2362 suis
902 2306 1057 2360 nominibus
1073 2309 1136 2361 Chi·

58 2406 201 2458 pressura,
213 2399 240 2440 et
253 2388 512 2468 veluti'praefocatim
524 2407 576 2460 qua
620 2389 742 2446 renium,
766 2389 927 2460 asclepium,
948 2387 1102 2441 heracleum
1125 2405 1133 2441 τ

57 2467 113 2519 sibi
141 2486 303 2538 quemquam
332 2469 440 2521 irruisse
466 2483 576 2540 repente
620 2466 675 2520 duo
688 2469 762 2521 nulla
776 2467 1135 2539 certaappellatione‚prae·

58 2546 230 2618 existiment,
250 2548 297 2618 qui
312 2548 431 2602 sensibus
444 2550 576 2620 oppressis
620 2560 740 2618 terquanr
752 2548 915 2622 pangacis,h·is
927 2547 1030 2600 verbis:
1046 2547 1134 2602 «Sunt

56 2644 155 2679 sensus
181 2627 328 2693 exanimet,
353 2647 440 2699 neque
463 2629 576 2682 cla'mare
620 2640 708 2680 autem
721 2628 777 2680 aliae
799 2626 921 2699 quaedam
935 2644 1065 2696 panaces,
1080 2646 1133 2681 una

56 2707 214 2778 permittat:
229 2726 285 2778 quo
300 2708 332 2760 lit
350 2721 382 2760 ut
399 2726 468 2778 saepe
487 2727 576 2762 erum·
620 2709 685 2761 folio
696 2709 782 2771 tenui,
791 2709 872 2760 altera
880 2706 1025 2758 latoVires
1033 2705 1133 2759 eaedem
1229 2756 1231 2761 .

57 2799 157 2858 pentes
168 2805 224 2838 non
238 2788 391 2854 articulata,
408 2787 454 2841 sed
468 2789 576 2842 confusa
619 2787 653 2841 ad
663 2787 771 2841 ciendos
781 2805 883 2840 menses
892 2785 1133 2851 cumfarinaillitis,

57 2883 133 2918 voce
141 2866 335 2920 exclament...»
349 2870 388 2921 Ac
399 2869 479 2940 p'aulo
496 2881 576 2925 ante:
621 2880 647 2920 et
656 2868 826 2920 hulceratam
834 2864 954 2937 putrida,
965 2867 1129 2936 quamalia.»
1206 2896 1213 2910 ·

63 2970 77 2992 ι
86 2943 141 2998 Sed
155 2942 231 3017 quod
245 2965 333 3018 neque
345 2946 425 3012 deus,
438 2967 528 3018 neque
537 2967 576 3002 se·
621 2947 758 3018 Syriacum
771 2965 819 3017 ego
830 2943 980 3016 smyrnium
991 2963 1046 3002 esse
1052 2959 1133 3016 puto,

58 3022 183 3090 mideus,
200 3043 287 3097 neque
312 3027 412 3100 cupido
431 3027 481 3094 sit,
501 3029 577 3083 libris
621 3026 695 3098 quod
715 3028 744 3080 in
756 3030 860 3080 Amano
878 3038 968 3077 monte
982 3025 1144 3096 plurimum

59 3105 226 3168 Causarum,
260 3124 327 3176 quos
355 3109 575 3179 αἰτιολογουμένους
620 3107 748 3184 gignitur,
765 3119 792 3160 et
811 3124 861 3177 pro
880 3105 1006 3176 myrrha,
1022 3123 1082 3176 quae
1102 3106 1131 3158 in

58 3183 180 3237 Soranus
193 3185 353 3256 appellavit,
367 3188 519 3258 plenissime
535 3206 577 3243 ert-
620 3188 813 3250 confectionem
827 3185 889 3238 iriui
903 3184 1031 3255 unguenti
1041 3185 1132 3257 requi·

58 3264 179 3336 plicavit.
198 3291 209 3312 ι
237 3265 305 3318 lude
333 3267 438 3339 paeonia
464 3270 577 3338 ἐφιαλτία
620 3267 700 3334 ritur,
709 3265 832 3319 substitui
844 3264 943 3336 potest,¹
954 3265 1132 3318 auctoreDio·

59 3342 163 3396 dicitur
175 3343 245 3415 apud
259 3346 377 3413 Aetium,
392 3347 416 3412 Ι,
427 3367 454 3419 p.
472 3349 506 3401 32
521 3339 577 3415 (sic
620 3366 689 3401 scor.
703 3347 754 3399 alia
774 3364 838 3398 vero
856 3343 927 3408 duo,
945 3362 1004 3414 quae
1022 3345 1132 3397 nomine

62 3423 139 3475 en‘im
162 3423 303 3494 legendum
324 3445 380 3479 uon
405 3423 576 3498 ἐλεφαντία),
620 3447 670 3481 suo
690 3445 745 3480 non
767 3424 925 3496 appellavit,
939 3423 1090 3494 ligusticum
1106 3435 1133 3478 et

60 3503 129 3575 quia
148 3505 188 3556 τὸν
207 3507 320 3573 {prditus
345 3519 427 3560 curat.
451 3507 485 3560 H.
500 3500 577 3563 -ὁ
621 3508 761 3578 origanum
778 3505 907 3557 silvestre.
924 3503 990 3574 Cap.
1012 3504 1133 3575 sequenti
1192 3504 1195 3510 ‘

60 3585 194 3653 ἐφιάλτης,
209 3586 308 3637 nostris
321 3587 404 3656 vulgo
425 3585 531 3641 dictus:
556 3591 577 3642 le
620 3587 759 3640 achilleam
778 3583 897 3637 sideritiu
916 3582 996 3635 etiam
1012 3597 1132 3637 vocatam

59 3663 213 3715 wuclemar.
228 3664 333 3718 Paeonia
353 3666 465 3720 Linuaeo
488 3667 577 3738 planta
621 3667 700 3719 fuisse
721 3683 849 3736 panacem
867 3663 1008 3715 heracleon
1031 3661 1133 3714 Plinius

59 3743 188 3804 heroica,
213 3763 272 3815 quas
292 3744 320 3796 vi
339 3746 488 3811 mareotica,
509 3749 577 3800 anti·
621 3747 723 3799 scribit.
733 3744 899 3816 Ligusticum
914 3761 1039 3812 panacem
1054 3741 1133 3794 etiam

60 3821 242 3892 spasmodioa,
260 3824 421 3895 hypnotica,
438 3825 576 3899 anodyna,
621 3825 723 3878 dictum
733 3825 812 3878 luisse
824 3837 851 3876 et
862 3823 1004 3893 origanum
1015 3821 1133 3874 silvestre

60 3912 116 3955 etc.
130 3901 235 3973 gaudet.
252 3903 578 3977 cf.1t1at.med.p.1‘6s‚
621 3906 743 3960 Dioscor.
764 3915 882 3957 testatur.
899 3903 968 3954 Dan.
986 3932 1026 3942 -
1045 3901 1135 3953 Name-

58 3978 107 4034 ed.
121 3981 259 4036 Sehreb'er.
272 3985 324 4037 Eu.
341 3987 343 3993 ’
622 4005 707 4037 rosum.
728 3985 812 4054 Cujus
825 3983 909 4034 multa
924 3997 1028 4050 genera.
1044 3980 1134 4033 Hino.
1171 4000 1186 4009 *¹

105 4079 133 4130 7.
147 4060 297 4133 Praecipiunt
313 4083 393 4117 eruere
408 4077 488 4118 noctu.
513 4066 576 4121 Haec
661 4064 688 4118 3.
702 4063 780 4119 Unum
792 4066 877 4133 quippe
885 4059 1025 4131 Asclepion.
1036 4062 1070 4112 Τὸ
1085 4060 1136 4112 ποί·

81 4244 84 4251 .
149 4171 231 4260 Vp.
392 4200 400 4223 x
955 4163 1001 4236 35
1056 4183 1058 4186 ⁴
