2664 4822
345 270 361 302 l

167 436 171 440 ·
208 401 277 486 554
408 406 435 428 ⁶
481 399 521 467 C.
548 395 853 468 rututlttsr.
882 397 1010 466 HIST.

207 551 339 611 constat
357 534 423 603 boc
443 531 688 602 medicamento
716 529 891 599 liberatum
916 529 1073 600 comitiali
1099 532 1222 601 morbo
1249 534 1282 601 in

175 670 189 722 s
208 645 366 738 Anticyra
381 638 497 712 insula.
513 637 566 707 lbi
584 639 672 706 enim
693 638 855 706 tutissime
872 639 1033 724 sumitur,
1051 639 1227 731 quoniam,
1246 652 1285 708 ut

206 754 369 835 diximus,
387 743 586 818 sesamoides
595 728 621 768 ³⁰
642 743 834 813 admiscent.
861 741 958 813 ltalia
981 758 1153 812 veratrum
1170 760 1283 815 vocat.

207 861 328 928 Farina
340 878 455 925 eorum
468 875 529 946 per
543 875 594 936 se,
620 865 654 919 et
671 853 778 920 mixta
794 848 956 931 radicula,
977 835 1073 944 qua³¹
1092 849 1283 920 lanasdixi·
1316 829 1318 848 Ι

207 988 284 1037 mus
306 961 426 1043 lavari,
449 943 747 1026 sterrmmentum³²
770 957 869 1043 facit,
891 942 1087 1050 amboque³³
1114 974 1282 1028 somnum.

206 1077 382 1167 Leguntur
404 1079 515 1134 autem
547 1056 750 1134 tenuissimae·
765 1064 896 1153 radices
914 1063 1113 1157 brevesque,
1134 1087 1175 1133 ac
1191 1063 1286 1135 velut

207 1157 421 1248 decurtatae³⁴
438 1172 537 1240 etiam
551 1170 613 1239 hae.
630 1172 721 1241 Nam
739 1193 889 1256 summa,
909 1193 983 1264 quae
1001 1185 1051 1239 est
1064 1172 1286 1257 crassissima,

208 1285 307 1378 crepis
330 1277 462 1377 similis,
493 1277 632 1348 canibus
663 1291 794 1346 tanturn
821 1276 920 1345 datur
943 1278 1152 1371 purgationis
1169 1296 1284 1348 causa.
1319 1299 1321 1302 ·

209 1371 374 1483 Antiqui³⁵
390 1385 536 1455 radicem
559 1384 684 1452 cortice
701 1407 800 1477 quam
824 1384 1056 1452 carnosissimo
1079 1383 1287 1478 seligebant,

208 1521 276 1592 quo
293 1494 425 1563 tenuior
440 1492 640 1560 eximeretur
653 1489 808 1558 medulla.
822 1493 919 1558 Hauc
932 1489 1079 1558 humidis
1087 1474 1113 1514 ³⁶
1131 1493 1285 1586 spongiis

209 1615 380 1698 opertam,
411 1585 724 1692 turgescentemque
751 1621 813 1667 acu
842 1597 877 1664 in
905 1594 1147 1690 longitudinem
1174 1596 1287 1666 finde·

208 1692 331 1779 bant³⁷.
356 1702 486 1774 Deinde
504 1702 559 1772 fila
581 1704 615 1771 in
631 1703 750 1776 umbra
772 1702 956 1786 siccabant,
968 1703 1008 1771 iis
1019 1717 1173 1772 utentes:
1193 1729 1287 1774 nunc

161 1901 164 1909 ’
209 1913 294 1954 astans
307 1895 421 1969 plausit,
435 1893 578 1965 optimates
589 1910 653 1945 vero
665 1892 722 1945 bel·
767 1892 865 1962 Comp.
882 1909 905 1956 1,
919 1911 946 1942 n.
963 1909 1011 1943 ro:
1029 1918 1041 1938 ·
1057 1893 1287 1950 Proritatsternu-

209 1981 266 2033 lum
280 1977 424 2031 Marsicum
437 1975 620 2045 imputavere,
633 1997 644 2020 a
667 1991 722 2025 non
768 1983 914 2024 ramentum
928 1972 1005 2024 etiam
1019 1989 1068 2042 per
1084 1991 1112 2025 se
1124 1987 1285 2042 contusum,

209 2071 277 2131 puto
298 2075 354 2110 esse
375 2055 519 2109 Pliniana:
541 2053 626 2106 aliena
651 2051 724 2105 enim
768 2065 795 2106 et
811 2051 922 2104 naribus
941 2050 1071 2120 injectum
1086 2066 1224 2108 veratrum
1246 2057 1286 2109 al·

210 2137 338 2192 videntur
354 2137 388 2189 ab
401 2137 458 2206 ipsa
471 2153 500 2186 re
514 2130 548 2185 de
561 2151 614 2202 qua
626 2131 720 2200 agitur.
768 2132 843 2184 bum.
862 2131 996 2201 Nigrum,
1012 2133 1112 2184 siccum
1135 2145 1162 2186 et
1175 2134 1283 2190 aridum

136 2236 138 2241 ’
211 2220 292 2273 Prae.
318 2247 358 2260 -
380 2216 525 2285 Optimates.
546 2211 661 2274 Sociale,
681 2211 724 2262 vel
769 2211 989 2264 sternutationem
1003 2212 1092 2264 statim
1106 2212 1234 2268 inritat·
1248 2217 1282 2268 ll.

211 2296 356 2352 Marsicum
376 2295 477 2347 bellum
490 2291 652 2362 appellatum
668 2301 725 2354 est,
769 2289 1015 2363 -Sternumentum
1028 2291 1115 2344 Gron.
1128 2292 1210 2347 etat.
1224 2307 1283 2348 ante

212 2375 311 2450 quoda
325 2373 420 2427 Marsis
433 2372 551 2442 primum
563 2369 724 2423 concitatum
769 2369 852 2423 Hard.
865 2382 1083 2422 sternutamentum.
1093 2373 1147 2425 En.

213 2458 273 2510 tuit.
290 2456 395 2508 Etenim
411 2451 499 2504 Latini
511 2467 659 2512 omnes,ac
671 2448 725 2517 ple·
812 2449 857 2502 33.
881 2450 1007 2520 Ambcque
1023 2471 1140 2504 somnum.
1163 2452 1224 2506 Nec
1239 2460 1282 2506 tle·

212 2537 291 2608 sique
304 2534 387 2587 Italite
399 2532 503 2604 populi,
515 2528 626 2599 indigne
640 2529 727 2580 leren-
770 2526 886 2593 numid,
899 2547 950 2582 nec
961 2531 1116 2584 verisimile.
1125 2532 1217 2602 Lego,
1226 2553 1282 2585 som·

214 2629 271 2680 tes,
289 2632 316 2667 se
330 2614 453 2668 laborum
468 2609 590 2663 omnium
605 2627 636 2662 ac
655 2608 727 2677 peri·
770 2627 826 2659 nam
837 2608 977 2661 discretisunt.
990 2611 1059 2662 Dru.

215 2696 338 2749 culorum
365 2690 523 2764 participes,
548 2688 582 2740 ab
609 2706 728 2741 commu·
813 2689 913 2750 saite
935 2690 1211 2744 uelutdecurtatoe.1d
1233 2705 1295 2762 est„

214 2775 295 2828 nione
313 2771 420 2842 imperii
437 2782 463 2822 et
480 2768 590 2822 honoris
603 2766 725 2829 excludi,
770 2767 844 2840 quod
862 2770 975 2838 dntylus
994 2782 1020 2823 et
1037 2768 1199 2824 Posidonius
1211 2771 1280 2845 apud

215 2855 311 2909 frustra
329 2869 377 2923 per
392 2850 529 2913 Drusum,
543 2847 590 2918 qui
608 2848 657 2901 hac
670 2856 726 2900 arte
770 2848 878 2902 Aetium
899 2849 1074 2919 precipiunt,
1098 2852 1198 2904 veratri
1219 2851 1280 2906 dett

215 2931 361 2989 conciliatis
378 2929 473 2982 animis
486 2928 627 2982 affectabat
640 2925 727 2999 impe·
770 2926 870 2999 gendaa
881 2944 937 2980 esse
946 2928 1048 2982 radices
1057 2948 1167 3000 parvas,
1179 2931 1237 2985 sive
1246 2944 1280 2985 tc

215 3013 285 3066 rium
297 3047 305 3077 ,
317 3021 421 3081 sperata
436 3007 559 3071 civitate,
574 3005 649 3078 quod
666 3010 728 3077 jura
772 3027 852 3074 unes,
863 3007 909 3060 sed
919 3009 1027 3080 plenas,
1038 3028 1092 3061 non
1104 3017 1227 3082 rugosas,
1236 3022 1280 3065 nas

216 3111 272 3146 non
286 3100 427 3161 poterant,
439 3087 518 3140 armis
529 3087 657 3158 consequi
671 3100 726 3140 stu·
771 3088 801 3140 in
815 3100 922 3140 acutum
936 3088 1020 3141 instar
1032 3088 1123 3142 caudas
1136 3091 1224 3144 muris
1237 3090 1281 3144 dt·

216 3168 341 3224 duerunt.
362 3169 425 3221 Huc
445 3167 574 3238 prolixius
585 3166 656 3218 Flor.
670 3168 727 3231 111,
772 3167 895 3220 sinentes.
911 3168 980 3220 Dsr..

221 3255 273 3316 18,
288 3261 315 3304 et
330 3248 383 3301 alii.
395 3248 487 3300 Ham).
814 3246 859 3302 35.
879 3249 994 3318 Antiqui.
1017 3247 1060 3299 Sic
1080 3248 1232 3303 Dioscorid.
1250 3248 1305 3302 de·

143 3348 149 3361 “·
258 3321 649 3396 30.Sesamoides.2noapcudis
662 3329 728 3396 μέγα
772 3339 888 3399 utroque
901 3328 1035 3390 elleboro,
1055 3328 1118 3398 eligi
1133 3329 1212 3400 jubet
1229 3348 1282 3384 err·

216 3411 306 3463 Diosc.
321 3409 374 3473 IV,
387 3411 444 3479 ¹6²,
460 3403 533 3478 quod
551 3405 728 3476 anticyricum
772 3424 884 3470 noram,
896 3420 923 3459 et
939 3408 981 3461 cui
997 3407 1084 3460 tenuis
1095 3398 1214 3463 medulla
1227 3411 1278 3462 sit:

216 3490 365 3542 elleborum
375 3487 468 3540 Galen.
478 3499 569 3547 vocat,
581 3484 615 3538 dc
628 3486 729 3539 Facult.
756 3475 883 3557 'interca
894 3483 924 3539 di
938 3487 1119 3556 eir-aucam,
1139 3489 1182 3542 uati
1206 3491 1284 3559 itepi-

216 3565 576 3642 simpl.trred.VIlI,108;
597 3566 676 3618 nobis
689 3578 728 3618 est
773 3585 826 3636 pov,
847 3567 941 3624 λεπτὴν
961 3568 1050 3635 ἔχοντα
1068 3569 1113 3622 rin
1134 3569 1281 3639 insipidam.

216 3647 317 3703 lleseda
329 3647 389 3700 alba
403 3641 557 3708 (Dodecand.
569 3649 659 3717 trigyu
668 3665 728 3717 gen.
815 3647 862 3700 ³6.
888 3648 963 3698 Hanc
980 3647 1082 3698 humidis
1104 3651 1220 3718 spongiis.
1248 3648 1282 3701 Ut

220 3731 294 3786 naa
312 3729 384 3783 Pers.
397 3726 531 3798 Capparid.
547 3724 617 3796 affin.
635 3717 728 3793 lusa).
773 3744 842 3797 aqua
855 3724 1002 3779 madefacta
1015 3725 1091 3779 radix
1110 3737 1281 3800 turgesecrat‚

215 3809 323 3862 Habitat
334 3807 363 3860 in
377 3806 463 3860 Gallia
478 3805 602 3870 australi,
619 3818 671 3858 etc.
685 3806 727 3858 Cf.
773 3804 927 3881 faciliusque
952 3804 1116 3858 divideretur
1145 3825 1212 3874 acu,
1241 3806 1280 3860 vel

214 3889 263 3942 lib.
277 3888 376 3950 XXII,
390 3905 448 3954 cap.
459 3889 506 3947 ot.
522 3887 575 3939 En.
772 3883 913 3952 fordeum,
930 3886 958 3938 in
971 3885 1059 3938 tenuia
1071 3885 1125 3938 fila.
1137 3887 1229 3942 Hsan.

255 3969 301 4022 31.
318 3968 385 4036 Qua.
395 3965 458 4017 Lib.
470 3965 550 4025 xlx,
564 3966 608 4018 18.
621 3966 715 4018 Hinn.
813 3965 858 4034 37.
870 3968 927 4018 Λευ
937 3969 962 4018 in
971 3965 1143 4034 longitudinem
1145 3966 1280 4036 findebant.

255 4047 301 4101 3².
318 4046 517 4099 Sternumentum.
538 4044 624 4097 Serib.
647 4046 723 4114 Larg.
772 4043 907 4114 Fuficala,
921 4064 976 4097 non
993 4065 1054 4111 acu,-
1070 4046 1215 4117 legendum
1229 4062 1280 4102 ctu

865 4172 887 4241 i
