2664 4822
448 372 604 441 Lissa
630 368 754 441 XXV.
825 434 828 439 .
1065 367 1132 468 δη

68 507 222 601 allorum,
241 521 277 577 et
296 506 339 575 ab
359 504 487 585 Helena
508 507 624 599 utique
640 505 796 577 omuibus
811 503 1007 576 mortalibus
1021 511 1133 602 propi.

45 613 223 706 'randum
242 614 374 693 Primus
401 625 513 683 autem
539 613 708 695 omnium,
736 632 819 704 quos
843 613 1005 681 memoria
1019 617 1133 696 norit,

68 720 233 814 Orpheus
246 718 300 791 de
313 717 425 788 herbis
448 720 610 797 curiosius
637 716 746 811 aliqua
759 717 922 812 prodidit.
947 719 1029 788 Post
1057 744 1133 789 eum

67 828 211 897 Musaeus
236 840 269 895 et
297 822 461 895 Hesiodus
483 824 599 919 polion
622 823 788 895 herbam
779 849 814 892 ru
840 838 1003 918 quantum
1025 829 1135 897 mirati

67 947 158 1019 suut,
173 917 346 1001 diximusl
362 932 522 1024 Orpheus
538 945 571 1007 'et
590 930 753 1001 Hesiodus
769 930 955 1016 suffitiones
970 955 1137 1009 commuu-

67 1038 197 1108 dovere.
215 1041 382 1107 Homerus
395 1052 431 1106 et
441 1037 521 1107 alias
538 1038 734 1112 nominatim
748 1036 880 1106 herbas·
875 1035 1171 1134 celebrabuntur

67 1147 133 1233 suis
154 1143 255 1229 locis,
271 1143 429 1227 dicemus.
454 1144 506 1213 Ab
528 1169 571 1213 eo
593 1143 798 1237 Pythagoras
817 1142 928 1212 clarus
956 1147 1136 1240 sapientia,¹

66 1253 194 1346 primus
213 1250 369 1332 volumen
397 1250 439 1319 de
463 1275 577 1321 earum
597 1249 719 1319 affectu
743 1251 947 1344 composuit,
966 1251 1138 1345 Apollini,

66 1355 340 1476 AEsculapioque‚
365 1371 399 1426 et
416 1359 451 1427 in
469 1370 578 1433 totum
595 1355 658 1429 diis
685 1352 928 1426 immortalibus
946 1361 1139 1438 inventione

67 1479 100 1533 et
121 1465 250 1561 origine
280 1465 455 1556 assignata
488 1466 687 1556 Composuit
715 1476 749 1530 et
780 1464 1008 1550 Democritus,
1039 1466 1139 1534 ambo
1225 1546 1228 1552 ¹

68 1571 254 1664 peragratis
264 1569 423 1652 Persidis,
437 1569 585 1652 Arabiae,
598 1569 789 1670 AEthiopiae,
803 1571 1002 1667 AEgyptique
1012 1572 1138 1665 Magis:

68 1675 219 1769 adeoque
242 1675 286 1745 ud
309 1675 381 1745 haec
410 1674 570 1750 attonita⁹
593 1677 773 1769 antiquitas
792 1674 880 1760 fuit,
894 1691 934 1745 ut
959 1676 1142 1770 affirmaret

69 1782 167 1852 etiam
190 1780 394 1851 incredibilia
413 1780 517 1851 dictu.
538 1781 693 1850 Xanthus
715 1781 934 1851 historiarum
952 1797 1086 1864 auctor,
1104 1787 1140 1852 -iu
1258 1797 1267 1804 “

70 1891 176 1982 prima
190 1911 305 1956 earum
318 1887 435 1972 tradit,
453 1891 602 1963 occisum
615 1887 769 1959 draconis
785 1887 932 1957 catulum
942 1905 1139 1973 revocatum

70 1993 233 2067 advitam
251 1997 271 2063 a
292 1983 430 2088 parente
452 1994 572 2079 herba,
590 2017 690 2089 quam
707 1991 798 2063 halin
817 1996 988 2062 nominat:
1009 1995 1141 2065 eadem·

71 2125 133 2195 que
147 2098 351 2195 mytonem,
375 2125 473 2194 quem
488 2101 599 2175 ,druco
615 2099 797 2198 occiderat,
816 2101 1006 2169 restitutum
1025 2099 1140 2172 salutii

71 2222 103 2277 et
117 2208 209 2278 Juba
226 2209 261 2277 in
275 2207 398 2290 Arabia
416 2206 520 2277 herba
539 2222 731 2281 revocatum
752 2206 794 2275 ad
811 2208 915 2274 vitam
927 2205 951 2230 ¹⁰
969 2206 1140 2277 hominem
1162 2231 1175 2282 5

24 2361 27 2367 -
71 2313 181 2401 tradit.
213 2314 305 2391 Dixit
335 2315 567 2397 Democritus,
598 2312 740 2387 credidit
776 2301 1054 2406 Theophrastus,
1070 2334 1159 2385 'esse-

70 2419 228 2504 herbam,
240 2409 511 2512 'cujuscontact'u
524 2418 629 2489 illatae·
640 2421 683 2489 ab
698 2417 788 2505 alite,
811 2445 911 2518 quam
926 2420 1142 2506 retulimus¹¹‚

71 2526 216 2597 exsiliret
236 2551 360 2595 cuneus
380 2551 399 2595 a
416 2526 605 2619 pastoribus
621 2526 732 2595 arbori
749 2525 905 2596 adactus:
922 2551 1000 2621 quae
1014 2529 1146 2597 etiamsi·

72 2631 138 2701 fide
170 2647 302 2718 carent,
336 2629 587 2702 admirationem
619 2645 731 2700 tamen
759 2631 918 2727 implent;
954 2649 1144 2729 coguntque

73 2738 244 2823 confiteri,
259 2736 401 2807 multum
416 2739 592 2832 essequod
610 2763 691 2806 vero
704 2740 858 2831 supersit.
874 2739 958 2807 lude
970 2754 1005 2808 et
1019 2739 1142 2834 pleros·

70 2869 138 2936 que
147 2859 192 2912 ita
203 2844 300 2913 video
312 2858 514 2930 existimare
529 2843 610 2913 nihil
621 2868 689 2912 non
698 2836 1018 2915 herbarumarlelficr
1029 2866 1144 2941 posse

73 2949 141 3019 sed
146 2949 412 3045 plurimarum
379 2975 467 3019 vires
482 2976 552 3020 esse
568 2952 780 3045 incognitas:
769 2976 934 3044 .quorum
953 2953 988 3020 iu
1004 2979 1145 3029 nurnero
1175 3008 1207 3044 .·
1281 3018 1284 3025 .

75 3042 140 3129 fuit
158 3056 361 3151 Herophilus
383 3055 492 3127 clarus
515 3057 699 3144 medicina,
719 3082 740 3126 a
767 3082 853 3150 quo
861 3058 973 3126 ferunt
1002 3059 1149 3141 dictum,
1190 3077 1231 3115 ··

74 3162 236 3257 quasdam
256 3163 407 3233 fortassis
428 3165 526 3231 etiam
555 3162 696 3233 calcatas
721 3161 887 3260 prodesse.
919 3165 1145 3267 Observatum
1248 3242 1250 3247 ,

75 3284 167 3339 certe
185 3282 252 3364 est,
271 3269 470 3338 inflammari
494 3268 632 3339 vulnera
655 3295 694 3339 ac
713 3270 849 3339 morbos
872 3287 1074 3364 superventu
1091 3291 1148 3342 eo·

76 3401 171 3459 rum,
192 3402 247 3470 qu1
240 3323 423 3470 '’'pedibus
414 3391 477 3445 tter
490 3377 704 3447 confecerint.

115 3548 147 3603 8.
162 3548 286 3607 Diaimro.
298 3547 424 3618 Depolio
437 3525 520 3603 herba
522 3566 598 3618 ,qun
641 3548 676 3601 ha
687 3545 796 3600 addere
806 3547 842 3600 Η.
855 3572 894 3590 a»
906 3547 1060 3618 Affirmant.
1053 3502 1150 3605 Brit.

76 3629 209 3692 nobieest
224 3628 350 3681 Teucriam
362 3627 481 3689 Pelium,
494 3628 597 3697 egimus
641 3647 673 3680 cx
692 3629 756 3699 Reg.
773 3625 834 3680 cod.
857 3640 915 3679 ret
929 3627 993 3683 edit.
1012 3631 1097 3698 princ
1114 3631 1154 3697 us·

76 3706 125 3759 lib.
135 3707 218 3771 xisto
227 3706 313 3778 capp.
318 3725 370 3767 aa
371 3710 401 3767 'at
415 3711 464 3772 84
474 3709 526 3765 Eu.
633 3707 780 3776 firmaverit.
793 3708 845 3760 Eu.
1005 3736 1010 3745 -
1071 3735 1075 3746 ·

113 3806 148 3877 '9
157 3786 285 3858 Adeoque
298 3784 412 3847 adbuc
416 3791 531 3845 attonito.
553 3758 598 3839 Ad
682 3784 1154 3853 10.Adoium.tt0nsm0ue,sut
1202 3821 1206 3829 ι

76 3866 191 3931 uiniae
207 3866 497 3930 barbarum-airam
516 3867 592 3921 hesit
640 3867 673 3920 ab
688 3868 817 3940 mphyxia
833 3865 868 3918 td
880 3867 975 3921 vitales
989 3886 1088 3922 mous.
1104 3871 1153 3924 lla.

76 3946 208 4013 emunita,
229 3958 258 4005 ut
280 3945 420 4008 audacior„
432 3947 505 4024 lam
525 3946 600 4003 nihil-
680 3965 725 4000 11.
740 3949 821 4017 Quam
831 3948 969 4010 reomau
984 3958 1034 4001 etc.
1050 3948 1157 4003 Scilicet
1221 3993 1224 3998 .

78 4037 219 4080 vereretur
236 4024 593 4081 etiamaadituiuoredlbi·
638 4027 686 4082 lib.
699 4027 897 4090 Lusitano.
1276 4030 1280 4052 ’

962 4096 1023 4221 '34⁴
1122 4190 1130 4202 .
