<?xml version="1.0" encoding="UTF-8"?>
<!DOCTYPE html PUBLIC "-//W3C//DTD XHTML 1.0 Transitional//EN"
    "http://www.w3.org/TR/xhtml1/DTD/xhtml1-transitional.dtd">
<html xmlns="http://www.w3.org/1999/xhtml" xml:lang="en" lang="en">
 <head>
  <title>
</title>
<meta http-equiv="Content-Type" content="text/html;charset=utf-8" />
  <meta name='ocr-system' content='tesseract 3.04.00' />
  <meta name='ocr-capabilities' content='ocr_page ocr_carea ocr_par ocr_line ocrx_word'/>
</head>
<body>
  <div class='ocr_page' id='page_1' title='image "bibliothecaclas61lemagoog_0060.png"; bbox 0 0 2664 4822; ppageno 0'>
   <div class='ocr_carea' id='block_1_1' title="bbox 448 400 1140 510">
    <p class='ocr_par' dir='ltr' id='par_1_1' title="bbox 448 400 1140 510">
     <span class='ocr_line' id='line_1_1' title="bbox 448 400 1140 510; baseline 0.01 -33"><span class='ocrx_word' id='word_1_1' title='bbox 448 410 608 479; x_wconf 74' lang='lat' dir='ltr'>crana</span> <span class='ocrx_word' id='word_1_2' title='bbox 635 413 754 481; x_wconf 85' lang='lat' dir='ltr'><strong>xxv.</strong></span> <span class='ocrx_word' id='word_1_3' title='bbox 833 400 840 424; x_wconf 67' lang='lat'><strong>²</strong></span> <span class='ocrx_word' id='word_1_4' title='bbox 1068 409 1140 510; x_wconf 73' lang='lat'>567</span> 
     </span>
    </p>
   </div>
   <div class='ocr_carea' id='block_1_2' title="bbox 62 530 1206 1811">
    <p class='ocr_par' dir='ltr' id='par_1_2' title="bbox 62 530 1206 1811">
     <span class='ocr_line' id='line_1_2' title="bbox 84 530 1136 640; baseline 0.002 -23"><span class='ocrx_word' id='word_1_5' title='bbox 84 571 141 617; x_wconf 81' lang='lat' dir='ltr'>ean</span> <span class='ocrx_word' id='word_1_6' title='bbox 154 530 395 617; x_wconf 77' lang='lat' dir='ltr'>semmainter⁴</span> <span class='ocrx_word' id='word_1_7' title='bbox 413 567 449 614; x_wconf 85' lang='lat' dir='ltr'>se</span> <span class='ocrx_word' id='word_1_8' title='bbox 465 542 632 640; x_wconf 77' lang='lat' dir='ltr'><strong>implexis,</strong></span> <span class='ocrx_word' id='word_1_9' title='bbox 643 543 737 614; x_wconf 82' lang='lat' dir='ltr'>velut</span> <span class='ocrx_word' id='word_1_10' title='bbox 755 545 790 612; x_wconf 89' lang='lat' dir='ltr'>in</span> <span class='ocrx_word' id='word_1_11' title='bbox 804 542 1004 638; x_wconf 81' lang='lat' dir='ltr'><strong>polyporum</strong></span> <span class='ocrx_word' id='word_1_12' title='bbox 1024 548 1136 619; x_wconf 86' lang='lat' dir='ltr'>cirris:</span> 
     </span>
     <span class='ocr_line' id='line_1_3' title="bbox 82 636 1206 745; baseline 0 -25"><span class='ocrx_word' id='word_1_13' title='bbox 82 669 230 725; x_wconf 72' lang='lat' dir='ltr'>structus</span> <span class='ocrx_word' id='word_1_14' title='bbox 250 665 362 720; x_wconf 85' lang='lat' dir='ltr'>autem</span> <span class='ocrx_word' id='word_1_15' title='bbox 375 652 410 718; x_wconf 93' lang='lat' dir='ltr'>in</span> <span class='ocrx_word' id='word_1_16' title='bbox 428 636 512 720; x_wconf 79' lang='lat' dir='ltr'>usu⁵</span> <span class='ocrx_word' id='word_1_17' title='bbox 527 654 561 720; x_wconf 80' lang='lat' dir='ltr'>vi</span> <span class='ocrx_word' id='word_1_18' title='bbox 580 675 710 722; x_wconf 87' lang='lat' dir='ltr'>summa</span> <span class='ocrx_word' id='word_1_19' title='bbox 731 652 766 719; x_wconf 91' lang='lat' dir='ltr'>in</span> <span class='ocrx_word' id='word_1_20' title='bbox 783 649 1019 745; x_wconf 83' lang='lat' dir='ltr'>refrigerando.</span> <span class='ocrx_word' id='word_1_21' title='bbox 1205 726 1206 731; x_wconf 6' lang='grc' dir='ltr'>ἵ</span> 
     </span>
     <span class='ocr_line' id='line_1_4' title="bbox 121 755 1170 852; baseline 0.006 -25"><span class='ocrx_word' id='word_1_22' title='bbox 121 761 282 830; x_wconf 70' lang='lat' dir='ltr'>xxxiv.</span> <span class='ocrx_word' id='word_1_23' title='bbox 300 758 502 828; x_wconf 82' lang='lat' dir='ltr'>Gentianam</span> <span class='ocrx_word' id='word_1_24' title='bbox 520 758 646 828; x_wconf 85' lang='lat' dir='ltr'>invenit</span> <span class='ocrx_word' id='word_1_25' title='bbox 664 755 824 828; x_wconf 90' lang='lat' dir='ltr'>Gentius¹</span> <span class='ocrx_word' id='word_1_26' title='bbox 846 781 915 825; x_wconf 84' lang='lat' dir='ltr'>rex·</span> <span class='ocrx_word' id='word_1_27' title='bbox 928 757 1135 852; x_wconf 91' lang='lat' dir='ltr'>lllyriorum,</span> <span class='ocrx_word' id='word_1_28' title='bbox 1157 801 1170 833; x_wconf 78' lang='grc' dir='ltr'><strong>ι</strong></span> 
     </span>
     <span class='ocr_line' id='line_1_5' title="bbox 77 863 1137 962; baseline 0.004 -29"><span class='ocrx_word' id='word_1_29' title='bbox 77 866 186 962; x_wconf 88' lang='lat' dir='ltr'>ubique</span> <span class='ocrx_word' id='word_1_30' title='bbox 212 878 424 950; x_wconf 90' lang='lat' dir='ltr'>nascentem,</span> <span class='ocrx_word' id='word_1_31' title='bbox 447 866 481 932; x_wconf 94' lang='lat' dir='ltr'>in</span> <span class='ocrx_word' id='word_1_32' title='bbox 509 863 642 959; x_wconf 85' lang='lat' dir='ltr'>Illyrico</span> <span class='ocrx_word' id='word_1_33' title='bbox 670 879 783 934; x_wconf 86' lang='lat' dir='ltr'>tamen</span> <span class='ocrx_word' id='word_1_34' title='bbox 811 866 1137 958; x_wconf 82' lang='lat' dir='ltr'>praestantissimam,</span> 
     </span>
     <span class='ocr_line' id='line_1_6' title="bbox 74 968 1138 1066; baseline 0 -23"><span class='ocrx_word' id='word_1_35' title='bbox 74 970 145 1043; x_wconf 78' lang='lat' dir='ltr'>tolio</span> <span class='ocrx_word' id='word_1_36' title='bbox 170 971 325 1040; x_wconf 64' lang='lat' dir='ltr'>fraxini:</span> <span class='ocrx_word' id='word_1_37' title='bbox 358 969 416 1039; x_wconf 86' lang='lat' dir='ltr'>sed</span> <span class='ocrx_word' id='word_1_38' title='bbox 445 971 673 1066; x_wconf 72' lang='lat' dir='ltr'>magnitudine</span> <span class='ocrx_word' id='word_1_39' title='bbox 706 969 859 1057; x_wconf 79' lang='lat' dir='ltr'>laotircae,</span> <span class='ocrx_word' id='word_1_40' title='bbox 881 968 975 1040; x_wconf 92' lang='lat' dir='ltr'>caule</span> <span class='ocrx_word' id='word_1_41' title='bbox 1005 986 1138 1060; x_wconf 86' lang='lat' dir='ltr'>tenero,</span> 
     </span>
     <span class='ocr_line' id='line_1_7' title="bbox 71 1076 1138 1170; baseline 0.001 -21"><span class='ocrx_word' id='word_1_42' title='bbox 71 1076 212 1170; x_wconf 77' lang='lat' dir='ltr'>pollicia&#39;</span> <span class='ocrx_word' id='word_1_43' title='bbox 227 1076 462 1163; x_wconf 74' lang='lat' dir='ltr'>crassitudine,</span> <span class='ocrx_word' id='word_1_44' title='bbox 480 1101 565 1147; x_wconf 87' lang='lat' dir='ltr'>cavo</span> <span class='ocrx_word' id='word_1_45' title='bbox 580 1093 614 1147; x_wconf 81' lang='lat' dir='ltr'>et</span> <span class='ocrx_word' id='word_1_46' title='bbox 629 1079 736 1156; x_wconf 89' lang='lat' dir='ltr'>inani,</span> <span class='ocrx_word' id='word_1_47' title='bbox 755 1101 795 1144; x_wconf 86' lang='lat' dir='ltr'>ex</span> <span class='ocrx_word' id='word_1_48' title='bbox 809 1077 991 1147; x_wconf 86' lang='lat' dir='ltr'>intervallis</span> <span class='ocrx_word' id='word_1_49' title='bbox 1005 1077 1138 1164; x_wconf 87' lang='lat' dir='ltr'>foliato,</span> 
     </span>
     <span class='ocr_line' id='line_1_8' title="bbox 68 1181 1138 1280; baseline 0.003 -27"><span class='ocrx_word' id='word_1_50' title='bbox 68 1187 164 1255; x_wconf 72' lang='lat' dir='ltr'>mon</span> <span class='ocrx_word' id='word_1_51' title='bbox 180 1182 360 1279; x_wconf 73' lang='lat' dir='ltr'>aliquando</span> <span class='ocrx_word' id='word_1_52' title='bbox 376 1183 584 1268; x_wconf 78' lang='lat' dir='ltr'>cubitorum,</span> <span class='ocrx_word' id='word_1_53' title='bbox 603 1183 715 1252; x_wconf 85' lang='lat' dir='ltr'><strong>radice</strong></span> <span class='ocrx_word' id='word_1_54' title='bbox 731 1181 836 1268; x_wconf 86' lang='lat' dir='ltr'>lenta,</span> <span class='ocrx_word' id='word_1_55' title='bbox 859 1183 1035 1280; x_wconf 85' lang='lat' dir='ltr'>subnigra,</span> <span class='ocrx_word' id='word_1_56' title='bbox 1068 1188 1138 1256; x_wconf 87' lang='lat' dir='ltr'>sine</span> 
     </span>
     <span class='ocr_line' id='line_1_9' title="bbox 64 1277 1140 1384; baseline 0.001 -22"><span class='ocrx_word' id='word_1_57' title='bbox 64 1277 199 1380; x_wconf 77' lang='lat' dir='ltr'>odare³,</span> <span class='ocrx_word' id='word_1_58' title='bbox 213 1291 351 1384; x_wconf 80' lang='lat' dir='ltr'>aquosis</span> <span class='ocrx_word' id='word_1_59' title='bbox 365 1290 535 1359; x_wconf 72' lang='lat' dir='ltr'>montibus</span> <span class='ocrx_word' id='word_1_60' title='bbox 553 1289 742 1384; x_wconf 89' lang='lat' dir='ltr'>Subalpinis</span> <span class='ocrx_word' id='word_1_61' title='bbox 760 1286 913 1383; x_wconf 89' lang='lat' dir='ltr'>plurima.</span> <span class='ocrx_word' id='word_1_62' title='bbox 929 1293 1021 1361; x_wconf 92' lang='lat' dir='ltr'>Usus</span> <span class='ocrx_word' id='word_1_63' title='bbox 1039 1294 1074 1361; x_wconf 90' lang='lat' dir='ltr'>in</span> <span class='ocrx_word' id='word_1_64' title='bbox 1092 1316 1140 1363; x_wconf 89' lang='lat' dir='ltr'>ra·</span> 
     </span>
     <span class='ocr_line' id='line_1_10' title="bbox 62 1384 1147 1494; baseline 0.004 -28"><span class='ocrx_word' id='word_1_65' title='bbox 62 1396 136 1468; x_wconf 82' lang='lat' dir='ltr'>dise</span> <span class='ocrx_word' id='word_1_66' title='bbox 152 1412 187 1467; x_wconf 83' lang='lat' dir='ltr'>st</span> <span class='ocrx_word' id='word_1_67' title='bbox 204 1384 337 1466; x_wconf 65' lang='lat' dir='ltr'>sacco⁴‹</span> <span class='ocrx_word' id='word_1_68' title='bbox 357 1395 492 1465; x_wconf 86' lang='lat' dir='ltr'>Radicis</span> <span class='ocrx_word' id='word_1_69' title='bbox 515 1411 634 1466; x_wconf 84' lang='lat' dir='ltr'>natura</span> <span class='ocrx_word' id='word_1_70' title='bbox 648 1411 697 1465; x_wconf 93' lang='lat' dir='ltr'>est</span> <span class='ocrx_word' id='word_1_71' title='bbox 714 1396 965 1482; x_wconf 83' lang='lat' dir='ltr'>excalfactoria,</span> <span class='ocrx_word' id='word_1_72' title='bbox 981 1397 1040 1467; x_wconf 90' lang='lat' dir='ltr'>sed</span> <span class='ocrx_word' id='word_1_73' title='bbox 1052 1404 1147 1494; x_wconf 56' lang='lat' dir='ltr'>prae?</span> 
     </span>
     <span class='ocr_line' id='line_1_11' title="bbox 62 1502 500 1597; baseline -0.011 -23"><span class='ocrx_word' id='word_1_74' title='bbox 62 1503 242 1597; x_wconf 78' lang='lat' dir='ltr'>gnantibus</span> <span class='ocrx_word' id='word_1_75' title='bbox 258 1503 327 1571; x_wconf 87' lang='lat' dir='ltr'>non</span> <span class='ocrx_word' id='word_1_76' title='bbox 347 1502 500 1570; x_wconf 88' lang='lat' dir='ltr'>bibenda.</span> 
     </span>
     <span class='ocr_line' id='line_1_12' title="bbox 116 1606 1173 1704; baseline 0.002 -24"><span class='ocrx_word' id='word_1_77' title='bbox 116 1606 262 1680; x_wconf 83' lang='lat' dir='ltr'>XXXV.</span> <span class='ocrx_word' id='word_1_78' title='bbox 279 1610 414 1678; x_wconf 85' lang='lat' dir='ltr'>Invenit</span> <span class='ocrx_word' id='word_1_79' title='bbox 426 1623 460 1679; x_wconf 90' lang='lat' dir='ltr'>et</span> <span class='ocrx_word' id='word_1_80' title='bbox 475 1610 694 1704; x_wconf 84' lang='lat' dir='ltr'>Lysimachus</span> <span class='ocrx_word' id='word_1_81' title='bbox 703 1607 859 1678; x_wconf 90' lang='lat' dir='ltr'>herbam¹</span> <span class='ocrx_word' id='word_1_82' title='bbox 878 1610 1139 1703; x_wconf 86' lang='lat' dir='ltr'>Lysimachiam,</span> <span class='ocrx_word' id='word_1_83' title='bbox 1161 1655 1173 1689; x_wconf 61' lang='grc' dir='ltr'><strong><em>ι</em></strong></span> 
     </span>
     <span class='ocr_line' id='line_1_13' title="bbox 68 1715 1140 1811; baseline 0.003 -24"><span class='ocrx_word' id='word_1_84' title='bbox 68 1740 143 1811; x_wconf 75' lang='lat' dir='ltr'>qum</span> <span class='ocrx_word' id='word_1_85' title='bbox 161 1715 210 1799; x_wconf 57' lang='lat' dir='ltr'>‚ab</span> <span class='ocrx_word' id='word_1_86' title='bbox 236 1740 276 1786; x_wconf 91' lang='lat' dir='ltr'>eo</span> <span class='ocrx_word' id='word_1_87' title='bbox 305 1740 430 1784; x_wconf 89' lang='lat' dir='ltr'>nomeu</span> <span class='ocrx_word' id='word_1_88' title='bbox 451 1718 587 1803; x_wconf 85' lang='lat' dir='ltr'>retinet,</span> <span class='ocrx_word' id='word_1_89' title='bbox 608 1715 773 1785; x_wconf 78' lang='lat' dir='ltr'>celebrata</span> <span class='ocrx_word' id='word_1_90' title='bbox 798 1715 1009 1795; x_wconf 83' lang='lat' dir='ltr'>Erasistrato.</span> <span class='ocrx_word' id='word_1_91' title='bbox 1030 1717 1140 1790; x_wconf 85' lang='lat' dir='ltr'>Folia²</span> 
     </span>
    </p>
   </div>
   <div class='ocr_carea' id='block_1_3' title="bbox 59 1904 1242 4130">
    <p class='ocr_par' dir='ltr' id='par_1_3' title="bbox 62 1904 1143 2227">
     <span class='ocr_line' id='line_1_14' title="bbox 65 1904 1142 1987; baseline 0.006 -19"><span class='ocrx_word' id='word_1_92' title='bbox 65 1932 117 1971; x_wconf 78' lang='lat' dir='ltr'>ram</span> <span class='ocrx_word' id='word_1_93' title='bbox 137 1931 229 1971; x_wconf 77' lang='lat' dir='ltr'>tamen</span> <span class='ocrx_word' id='word_1_94' title='bbox 249 1917 434 1969; x_wconf 72' lang='lat' dir='ltr'>vermiculatam</span> <span class='ocrx_word' id='word_1_95' title='bbox 450 1917 576 1969; x_wconf 88' lang='lat' dir='ltr'>Column.</span> <span class='ocrx_word' id='word_1_96' title='bbox 623 1917 676 1979; x_wconf 87' lang='lat' dir='ltr'>bit,</span> <span class='ocrx_word' id='word_1_97' title='bbox 692 1915 738 1987; x_wconf 92' lang='lat' dir='ltr'>qui</span> <span class='ocrx_word' id='word_1_98' title='bbox 754 1913 815 1967; x_wconf 92' lang='lat' dir='ltr'>ideo</span> <span class='ocrx_word' id='word_1_99' title='bbox 832 1904 1142 1985; x_wconf 79' lang='lat' dir='ltr'>muscasinteriiciat‚et</span> 
     </span>
     <span class='ocr_line' id='line_1_15' title="bbox 63 1994 1138 2070; baseline 0.001 -18"><span class='ocrx_word' id='word_1_100' title='bbox 63 1998 164 2070; x_wconf 80' lang='lat' dir='ltr'>Eeplrr.</span> <span class='ocrx_word' id='word_1_101' title='bbox 179 1998 204 2058; x_wconf 87' lang='lat'>1.</span> <span class='ocrx_word' id='word_1_102' title='bbox 223 2003 276 2065; x_wconf 68' lang='lat'>49,</span> <span class='ocrx_word' id='word_1_103' title='bbox 289 2014 350 2068; x_wconf 73' lang='lat' dir='ltr'>pag.</span> <span class='ocrx_word' id='word_1_104' title='bbox 373 1996 439 2060; x_wconf 80' lang='lat'>15⁵,</span> <span class='ocrx_word' id='word_1_105' title='bbox 456 1994 503 2048; x_wconf 88' lang='lat' dir='ltr'>sed</span> <span class='ocrx_word' id='word_1_106' title='bbox 521 2014 576 2048; x_wconf 87' lang='lat' dir='ltr'>non</span> <span class='ocrx_word' id='word_1_107' title='bbox 622 2007 758 2065; x_wconf 81' lang='lat' dir='ltr'>serpentes</span> <span class='ocrx_word' id='word_1_108' title='bbox 769 1996 850 2064; x_wconf 80' lang='lat' dir='ltr'>fuget.</span> <span class='ocrx_word' id='word_1_109' title='bbox 866 1997 1049 2050; x_wconf 70' lang='lat' dir='ltr'>Dan—Sine</span> <span class='ocrx_word' id='word_1_110' title='bbox 1057 2001 1138 2055; x_wconf 85' lang='lat' dir='ltr'>odore.</span> 
     </span>
     <span class='ocr_line' id='line_1_16' title="bbox 64 2075 1143 2147; baseline 0.001 -16"><span class='ocrx_word' id='word_1_111' title='bbox 64 2091 139 2132; x_wconf 76' lang='lat' dir='ltr'>certo</span> <span class='ocrx_word' id='word_1_112' title='bbox 156 2076 219 2131; x_wconf 78' lang='lat' dir='ltr'>satis</span> <span class='ocrx_word' id='word_1_113' title='bbox 237 2077 327 2130; x_wconf 80' lang='lat' dir='ltr'>babet.</span> <span class='ocrx_word' id='word_1_114' title='bbox 349 2075 577 2130; x_wconf 62' lang='lat' dir='ltr'>contuberni</span> <span class='ocrx_word' id='word_1_115' title='bbox 623 2075 658 2127; x_wconf 76' lang='lat' dir='ltr'>At</span> <span class='ocrx_word' id='word_1_116' title='bbox 678 2093 733 2125; x_wconf 90' lang='lat' dir='ltr'>non</span> <span class='ocrx_word' id='word_1_117' title='bbox 749 2087 787 2127; x_wconf 87' lang='lat' dir='ltr'>est</span> <span class='ocrx_word' id='word_1_118' title='bbox 803 2075 914 2128; x_wconf 89' lang='lat' dir='ltr'>omnino</span> <span class='ocrx_word' id='word_1_119' title='bbox 933 2095 1028 2147; x_wconf 81' lang='lat' dir='ltr'>expers</span> <span class='ocrx_word' id='word_1_120' title='bbox 1048 2078 1143 2132; x_wconf 74' lang='lat' dir='ltr'>odoris</span> 
     </span>
     <span class='ocr_line' id='line_1_17' title="bbox 62 2150 1044 2227; baseline -0.005 -15"><span class='ocrx_word' id='word_1_121' title='bbox 62 2156 183 2220; x_wconf 56' lang='lat' dir='ltr'>tubpt,</span> <span class='ocrx_word' id='word_1_122' title='bbox 201 2157 265 2212; x_wconf 71' lang='lat' dir='ltr'>rat.</span> <span class='ocrx_word' id='word_1_123' title='bbox 276 2157 327 2210; x_wconf 86' lang='lat' dir='ltr'>En.</span> <span class='ocrx_word' id='word_1_124' title='bbox 622 2155 650 2207; x_wconf 91' lang='lat' dir='ltr'>iu</span> <span class='ocrx_word' id='word_1_125' title='bbox 661 2155 726 2206; x_wconf 74' lang='lat' dir='ltr'>calo</span> <span class='ocrx_word' id='word_1_126' title='bbox 741 2166 832 2207; x_wconf 88' lang='lat' dir='ltr'>nostro</span> <span class='ocrx_word' id='word_1_127' title='bbox 849 2156 966 2227; x_wconf 90' lang='lat' dir='ltr'>soloque.</span> <span class='ocrx_word' id='word_1_128' title='bbox 983 2156 1019 2209; x_wconf 90' lang='grc' dir='ltr'>Η.</span> <span class='ocrx_word' id='word_1_129' title='bbox 1041 2150 1044 2161; x_wconf 81' lang='lat'>&#39;</span> 
     </span>
    </p>

    <p class='ocr_par' dir='ltr' id='par_1_4' title="bbox 62 2233 1136 2380">
     <span class='ocr_line' id='line_1_18' title="bbox 106 2233 1136 2302; baseline 0.002 -12"><span class='ocrx_word' id='word_1_130' title='bbox 106 2244 133 2302; x_wconf 70' lang='grc'>4.</span> <span class='ocrx_word' id='word_1_131' title='bbox 148 2237 272 2290; x_wconf 71' lang='lat' dir='ltr'>latonia</span> <span class='ocrx_word' id='word_1_132' title='bbox 288 2251 344 2289; x_wconf 81' lang='lat' dir='ltr'>aes&#39;e</span> <span class='ocrx_word' id='word_1_133' title='bbox 358 2247 453 2288; x_wconf 81' lang='lat' dir='ltr'>mutuo</span> <span class='ocrx_word' id='word_1_134' title='bbox 466 2252 579 2287; x_wconf 84' lang='lat' dir='ltr'>conver·</span> <span class='ocrx_word' id='word_1_135' title='bbox 666 2240 693 2296; x_wconf 76' lang='grc'>4.</span> <span class='ocrx_word' id='word_1_136' title='bbox 708 2233 771 2286; x_wconf 81' lang='lat' dir='ltr'>Usus</span> <span class='ocrx_word' id='word_1_137' title='bbox 783 2239 808 2286; x_wconf 90' lang='lat' dir='ltr'>in</span> <span class='ocrx_word' id='word_1_138' title='bbox 822 2236 904 2288; x_wconf 83' lang='lat' dir='ltr'>radice</span> <span class='ocrx_word' id='word_1_139' title='bbox 918 2247 942 2287; x_wconf 83' lang='lat' dir='ltr'>et</span> <span class='ocrx_word' id='word_1_140' title='bbox 955 2256 1034 2291; x_wconf 79' lang='lat' dir='ltr'>succo.</span> <span class='ocrx_word' id='word_1_141' title='bbox 1045 2238 1136 2292; x_wconf 83' lang='lat' dir='ltr'>Diosc.</span> 
     </span>
     <span class='ocr_line' id='line_1_19' title="bbox 62 2314 965 2380; baseline -0.007 -8"><span class='ocrx_word' id='word_1_142' title='bbox 62 2317 159 2380; x_wconf 55' lang='lat' dir='ltr'>siena</span> <span class='ocrx_word' id='word_1_143' title='bbox 175 2317 268 2373; x_wconf 73' lang='grc' dir='ltr'>ἄλληλα</span> <span class='ocrx_word' id='word_1_144' title='bbox 278 2317 389 2370; x_wconf 73' lang='lat' dir='ltr'>andorra.</span> <span class='ocrx_word' id='word_1_145' title='bbox 405 2314 497 2367; x_wconf 74' lang='lat' dir='ltr'>liano.</span> <span class='ocrx_word' id='word_1_146' title='bbox 623 2315 733 2367; x_wconf 77' lang='lat' dir='ltr'>loccit.</span> <span class='ocrx_word' id='word_1_147' title='bbox 748 2314 839 2368; x_wconf 79' lang='lat' dir='ltr'>liano.</span> <span class='ocrx_word' id='word_1_148' title='bbox 885 2356 887 2362; x_wconf 93' lang='lat'>.</span> <span class='ocrx_word' id='word_1_149' title='bbox 960 2336 965 2358; x_wconf 77' lang='grc' dir='ltr'>ν</span> 
     </span>
    </p>

    <p class='ocr_par' dir='ltr' id='par_1_5' title="bbox 60 2393 1242 2549">
     <span class='ocr_line' id='line_1_20' title="bbox 103 2393 1142 2470; baseline 0 -20"><span class='ocrx_word' id='word_1_150' title='bbox 103 2397 131 2451; x_wconf 73' lang='lat'>5.</span> <span class='ocrx_word' id='word_1_151' title='bbox 147 2398 278 2450; x_wconf 82' lang='lat' dir='ltr'>lt&#39;tsaccas</span> <span class='ocrx_word' id='word_1_152' title='bbox 290 2407 369 2448; x_wconf 83' lang='lat' dir='ltr'>autem</span> <span class='ocrx_word' id='word_1_153' title='bbox 382 2399 470 2447; x_wconf 69' lang='lat' dir='ltr'>inrisa</span> <span class='ocrx_word' id='word_1_154' title='bbox 486 2393 575 2446; x_wconf 82' lang='lat' dir='ltr'>Diosc.</span> <span class='ocrx_word' id='word_1_155' title='bbox 663 2395 782 2446; x_wconf 81' lang='lat' dir='ltr'><strong>XXXV.</strong></span> <span class='ocrx_word' id='word_1_156' title='bbox 801 2414 827 2448; x_wconf 90' lang='lat'>1.</span> <span class='ocrx_word' id='word_1_157' title='bbox 841 2396 936 2447; x_wconf 79' lang='lat' dir='ltr'>Invenit</span> <span class='ocrx_word' id='word_1_158' title='bbox 948 2407 973 2447; x_wconf 88' lang='lat' dir='ltr'>et</span> <span class='ocrx_word' id='word_1_159' title='bbox 985 2397 1142 2470; x_wconf 79' lang='lat' dir='ltr'>Lysimachus</span> 
     </span>
     <span class='ocr_line' id='line_1_21' title="bbox 60 2472 1242 2549; baseline 0.006 -21"><span class='ocrx_word' id='word_1_160' title='bbox 60 2476 218 2548; x_wconf 68' lang='lat' dir='ltr'>hospitale</span> <span class='ocrx_word' id='word_1_161' title='bbox 227 2475 380 2538; x_wconf 82' lang='lat' dir='ltr'>aberius‚l.</span> <span class='ocrx_word' id='word_1_162' title='bbox 394 2493 417 2527; x_wconf 90' lang='lat' dir='ltr'>c.</span> <span class='ocrx_word' id='word_1_163' title='bbox 433 2472 524 2527; x_wconf 73' lang='lat' dir='ltr'>timo.</span> <span class='ocrx_word' id='word_1_164' title='bbox 623 2474 798 2538; x_wconf 75' lang='lat' dir='ltr'>leerbam,etc.</span> <span class='ocrx_word' id='word_1_165' title='bbox 816 2475 1141 2549; x_wconf 54' lang='lat' dir='ltr'>Hesychiuszamruexte</span> <span class='ocrx_word' id='word_1_166' title='bbox 1239 2530 1242 2535; x_wconf 92' lang='lat'><em>.</em></span> 
     </span>
    </p>

    <p class='ocr_par' dir='ltr' id='par_1_6' title="bbox 59 2555 1198 3745">
     <span class='ocr_line' id='line_1_22' title="bbox 101 2555 1140 2628; baseline 0.002 -18"><span class='ocrx_word' id='word_1_167' title='bbox 101 2556 233 2610; x_wconf 81' lang='lat' dir='ltr'>XXXIV.</span> <span class='ocrx_word' id='word_1_168' title='bbox 263 2575 287 2609; x_wconf 90' lang='lat'>1.</span> <span class='ocrx_word' id='word_1_169' title='bbox 314 2555 461 2609; x_wconf 77' lang='lat' dir='ltr'>Gentianam</span> <span class='ocrx_word' id='word_1_170' title='bbox 490 2557 580 2605; x_wconf 76' lang='lat' dir='ltr'>invenit</span> <span class='ocrx_word' id='word_1_171' title='bbox 625 2555 718 2619; x_wconf 75' lang='grc' dir='ltr'>βοτάνη</span> <span class='ocrx_word' id='word_1_172' title='bbox 735 2556 859 2625; x_wconf 56' lang='lat' dir='ltr'>stasanor</span> <span class='ocrx_word' id='word_1_173' title='bbox 878 2555 927 2607; x_wconf 75' lang='grc' dir='ltr'>ὑπὸ</span> <span class='ocrx_word' id='word_1_174' title='bbox 943 2559 1140 2628; x_wconf 59' lang='grc' dir='ltr'>Λυσιμάχουμ</span> 
     </span>
     <span class='ocr_line' id='line_1_23' title="bbox 63 2632 1141 2710; baseline 0.001 -19"><span class='ocrx_word' id='word_1_175' title='bbox 63 2637 178 2691; x_wconf 75' lang='lat' dir='ltr'>Gentius.</span> <span class='ocrx_word' id='word_1_176' title='bbox 199 2633 298 2688; x_wconf 86' lang='lat' dir='ltr'>Iisdem</span> <span class='ocrx_word' id='word_1_177' title='bbox 312 2634 404 2693; x_wconf 69' lang='lat' dir='ltr'>,verbis</span> <span class='ocrx_word' id='word_1_178' title='bbox 425 2632 576 2687; x_wconf 87' lang='lat' dir='ltr'>Dioscorid.</span> <span class='ocrx_word' id='word_1_179' title='bbox 622 2633 781 2706; x_wconf 74' lang='lat' dir='ltr'>Lysimacho</span> <span class='ocrx_word' id='word_1_180' title='bbox 803 2634 903 2687; x_wconf 87' lang='lat' dir='ltr'>scilicet</span> <span class='ocrx_word' id='word_1_181' title='bbox 921 2635 1042 2690; x_wconf 71' lang='lat' dir='ltr'>Thracia</span> <span class='ocrx_word' id='word_1_182' title='bbox 1061 2656 1141 2710; x_wconf 81' lang='lat' dir='ltr'>rege,</span> 
     </span>
     <span class='ocr_line' id='line_1_24' title="bbox 60 2708 1198 2787; baseline 0.003 -19"><span class='ocrx_word' id='word_1_183' title='bbox 60 2717 108 2770; x_wconf 85' lang='lat' dir='ltr'>lib.</span> <span class='ocrx_word' id='word_1_184' title='bbox 120 2717 242 2787; x_wconf 82' lang='lat' dir='ltr'>Ill,cap.</span> <span class='ocrx_word' id='word_1_185' title='bbox 259 2715 290 2776; x_wconf 83' lang='grc'>3,</span> <span class='ocrx_word' id='word_1_186' title='bbox 304 2713 454 2779; x_wconf 60' lang='lat' dir='ltr'>rosiecle,</span> <span class='ocrx_word' id='word_1_187' title='bbox 466 2726 515 2766; x_wconf 88' lang='lat' dir='ltr'>ete.</span> <span class='ocrx_word' id='word_1_188' title='bbox 525 2713 579 2766; x_wconf 83' lang='lat' dir='ltr'>No·</span> <span class='ocrx_word' id='word_1_189' title='bbox 622 2712 770 2766; x_wconf 82' lang='lat' dir='ltr'>Alexandri</span> <span class='ocrx_word' id='word_1_190' title='bbox 790 2715 899 2767; x_wconf 86' lang='lat' dir='ltr'>comite.</span> <span class='ocrx_word' id='word_1_191' title='bbox 915 2714 959 2768; x_wconf 91' lang='lat' dir='ltr'>Sic</span> <span class='ocrx_word' id='word_1_192' title='bbox 974 2708 1071 2770; x_wconf 83' lang='lat' dir='ltr'>dictam</span> <span class='ocrx_word' id='word_1_193' title='bbox 1094 2719 1139 2771; x_wconf 90' lang='lat' dir='ltr'>alii</span> <span class='ocrx_word' id='word_1_194' title='bbox 1180 2752 1198 2771; x_wconf 82' lang='grc'>-,</span> 
     </span>
     <span class='ocr_line' id='line_1_25' title="bbox 60 2793 1141 2868; baseline 0.001 -18"><span class='ocrx_word' id='word_1_195' title='bbox 60 2812 124 2850; x_wconf 84' lang='lat' dir='ltr'>men</span> <span class='ocrx_word' id='word_1_196' title='bbox 134 2793 209 2865; x_wconf 82' lang='lat' dir='ltr'>apud</span> <span class='ocrx_word' id='word_1_197' title='bbox 223 2811 315 2847; x_wconf 87' lang='lat' dir='ltr'>omnes</span> <span class='ocrx_word' id='word_1_198' title='bbox 324 2793 447 2846; x_wconf 84' lang='lat' dir='ltr'>officinas</span> <span class='ocrx_word' id='word_1_199' title='bbox 462 2793 577 2857; x_wconf 85' lang='lat' dir='ltr'>retinet,</span> <span class='ocrx_word' id='word_1_200' title='bbox 622 2804 731 2864; x_wconf 89' lang='lat' dir='ltr'>putant,</span> <span class='ocrx_word' id='word_1_201' title='bbox 743 2794 814 2866; x_wconf 75' lang='grc' dir='ltr'>παρὰ</span> <span class='ocrx_word' id='word_1_202' title='bbox 828 2796 856 2847; x_wconf 77' lang='grc' dir='ltr'>τὸ</span> <span class='ocrx_word' id='word_1_203' title='bbox 869 2795 933 2846; x_wconf 79' lang='grc' dir='ltr'>λύειν</span> <span class='ocrx_word' id='word_1_204' title='bbox 948 2795 1048 2866; x_wconf 82' lang='grc' dir='ltr'>μάχην,</span> <span class='ocrx_word' id='word_1_205' title='bbox 1065 2797 1141 2868; x_wconf 89' lang='lat' dir='ltr'>quod</span> 
     </span>
     <span class='ocr_line' id='line_1_26' title="bbox 59 2873 1140 2946; baseline 0.002 -18"><span class='ocrx_word' id='word_1_206' title='bbox 59 2873 504 2946; x_wconf 61' lang='lat' dir='ltr'>gentiamdliodonraopiugitur,</span> <span class='ocrx_word' id='word_1_207' title='bbox 515 2890 577 2944; x_wconf 79' lang='lat' dir='ltr'>pag.</span> <span class='ocrx_word' id='word_1_208' title='bbox 623 2873 796 2925; x_wconf 87' lang='lat' dir='ltr'>animantium</span> <span class='ocrx_word' id='word_1_209' title='bbox 817 2891 922 2945; x_wconf 81' lang='lat' dir='ltr'>pugnas</span> <span class='ocrx_word' id='word_1_210' title='bbox 935 2873 1052 2929; x_wconf 83' lang='lat' dir='ltr'>dirimat.</span> <span class='ocrx_word' id='word_1_211' title='bbox 1066 2878 1140 2932; x_wconf 84' lang='lat' dir='ltr'>Reti-</span> 
     </span>
     <span class='ocr_line' id='line_1_27' title="bbox 64 2950 1141 3024; baseline 0.001 -15"><span class='ocrx_word' id='word_1_212' title='bbox 64 2950 130 3019; x_wconf 73' lang='lat' dir='ltr'>tao.</span> <span class='ocrx_word' id='word_1_213' title='bbox 145 2953 299 3007; x_wconf 77' lang='lat' dir='ltr'>DeGeatio</span> <span class='ocrx_word' id='word_1_214' title='bbox 308 2970 370 3024; x_wconf 77' lang='lat' dir='ltr'>rege</span> <span class='ocrx_word' id='word_1_215' title='bbox 381 2953 465 3005; x_wconf 82' lang='lat' dir='ltr'>malta</span> <span class='ocrx_word' id='word_1_216' title='bbox 476 2951 578 3015; x_wconf 84' lang='lat' dir='ltr'>Livius,</span> <span class='ocrx_word' id='word_1_217' title='bbox 622 2965 668 3004; x_wconf 89' lang='lat' dir='ltr'>net</span> <span class='ocrx_word' id='word_1_218' title='bbox 677 2970 774 3004; x_wconf 90' lang='lat' dir='ltr'>nomen</span> <span class='ocrx_word' id='word_1_219' title='bbox 786 2953 857 3023; x_wconf 88' lang='lat' dir='ltr'>apud</span> <span class='ocrx_word' id='word_1_220' title='bbox 865 2955 1010 3008; x_wconf 88' lang='lat' dir='ltr'>herbarios.</span> <span class='ocrx_word' id='word_1_221' title='bbox 1020 2956 1141 3011; x_wconf 84' lang='lat' dir='ltr'>Pliniana</span> 
     </span>
     <span class='ocr_line' id='line_1_28' title="bbox 61 3026 1140 3107; baseline 0.001 -18"><span class='ocrx_word' id='word_1_222' title='bbox 61 3036 110 3089; x_wconf 78' lang='lat' dir='ltr'>tib.</span> <span class='ocrx_word' id='word_1_223' title='bbox 124 3035 230 3104; x_wconf 81' lang='lat' dir='ltr'><strong>xL‚p.</strong></span> <span class='ocrx_word' id='word_1_224' title='bbox 245 3026 311 3103; x_wconf 71' lang='lat'>517.</span> <span class='ocrx_word' id='word_1_225' title='bbox 326 3033 397 3086; x_wconf 90' lang='lat' dir='ltr'>Cum</span> <span class='ocrx_word' id='word_1_226' title='bbox 413 3034 510 3085; x_wconf 88' lang='lat' dir='ltr'>Perseo</span> <span class='ocrx_word' id='word_1_227' title='bbox 519 3032 578 3084; x_wconf 86' lang='lat' dir='ltr'>Ma·</span> <span class='ocrx_word' id='word_1_228' title='bbox 622 3032 695 3094; x_wconf 87' lang='lat' dir='ltr'>haec,</span> <span class='ocrx_word' id='word_1_229' title='bbox 708 3051 768 3104; x_wconf 87' lang='lat' dir='ltr'>quae</span> <span class='ocrx_word' id='word_1_230' title='bbox 788 3052 925 3104; x_wconf 88' lang='lat' dir='ltr'>purpurea</span> <span class='ocrx_word' id='word_1_231' title='bbox 941 3047 996 3099; x_wconf 87' lang='lat' dir='ltr'>est,</span> <span class='ocrx_word' id='word_1_232' title='bbox 1013 3037 1099 3107; x_wconf 87' lang='lat' dir='ltr'>major</span> <span class='ocrx_word' id='word_1_233' title='bbox 1113 3052 1140 3090; x_wconf 89' lang='lat' dir='ltr'>et</span> 
     </span>
     <span class='ocr_line' id='line_1_29' title="bbox 61 3111 1138 3176; baseline 0.003 -7"><span class='ocrx_word' id='word_1_234' title='bbox 61 3113 166 3169; x_wconf 78' lang='lat' dir='ltr'>aedona</span> <span class='ocrx_word' id='word_1_235' title='bbox 185 3113 286 3166; x_wconf 86' lang='lat' dir='ltr'>bellum</span> <span class='ocrx_word' id='word_1_236' title='bbox 312 3113 439 3167; x_wconf 83' lang='lat' dir='ltr'>Romanis</span> <span class='ocrx_word' id='word_1_237' title='bbox 460 3111 576 3173; x_wconf 82' lang='lat' dir='ltr'>intulit,</span> <span class='ocrx_word' id='word_1_238' title='bbox 623 3114 792 3176; x_wconf 86' lang='lat' dir='ltr'>communis,</span> <span class='ocrx_word' id='word_1_239' title='bbox 814 3126 934 3166; x_wconf 86' lang='lat' dir='ltr'>accurate</span> <span class='ocrx_word' id='word_1_240' title='bbox 959 3112 1138 3172; x_wconf 86' lang='lat' dir='ltr'>delineatura</span> 
     </span>
     <span class='ocr_line' id='line_1_30' title="bbox 62 3190 1143 3267; baseline -0.001 -19"><span class='ocrx_word' id='word_1_241' title='bbox 62 3212 125 3248; x_wconf 82' lang='lat' dir='ltr'>eum</span> <span class='ocrx_word' id='word_1_242' title='bbox 138 3211 173 3247; x_wconf 79' lang='lat' dir='ltr'>eo</span> <span class='ocrx_word' id='word_1_243' title='bbox 189 3190 285 3246; x_wconf 83' lang='lat' dir='ltr'>ductus</span> <span class='ocrx_word' id='word_1_244' title='bbox 301 3191 329 3244; x_wconf 88' lang='lat' dir='ltr'>in</span> <span class='ocrx_word' id='word_1_245' title='bbox 341 3192 510 3263; x_wconf 76' lang='lat' dir='ltr'>triumplium</span> <span class='ocrx_word' id='word_1_246' title='bbox 528 3203 576 3245; x_wconf 84' lang='lat' dir='ltr'>est.</span> <span class='ocrx_word' id='word_1_247' title='bbox 622 3193 728 3257; x_wconf 87' lang='lat' dir='ltr'>Clusio,</span> <span class='ocrx_word' id='word_1_248' title='bbox 742 3191 809 3244; x_wconf 89' lang='lat' dir='ltr'>Hist.</span> <span class='ocrx_word' id='word_1_249' title='bbox 819 3195 881 3245; x_wconf 88' lang='lat' dir='ltr'>Rar.</span> <span class='ocrx_word' id='word_1_250' title='bbox 896 3193 934 3263; x_wconf 91' lang='lat' dir='ltr'>pl.</span> <span class='ocrx_word' id='word_1_251' title='bbox 948 3194 1000 3259; x_wconf 86' lang='lat' dir='ltr'>IV,</span> <span class='ocrx_word' id='word_1_252' title='bbox 1010 3214 1069 3267; x_wconf 79' lang='lat' dir='ltr'>pag.</span> <span class='ocrx_word' id='word_1_253' title='bbox 1080 3197 1143 3262; x_wconf 49' lang='grc' dir='ltr'>Ιὄις</span> 
     </span>
     <span class='ocr_line' id='line_1_31' title="bbox 62 3271 1136 3345; baseline 0.005 -20"><span class='ocrx_word' id='word_1_254' title='bbox 62 3273 137 3328; x_wconf 82' lang='lat' dir='ltr'>Vide</span> <span class='ocrx_word' id='word_1_255' title='bbox 150 3272 264 3343; x_wconf 84' lang='lat' dir='ltr'>Eutrop.</span> <span class='ocrx_word' id='word_1_256' title='bbox 277 3271 326 3324; x_wconf 86' lang='lat' dir='ltr'>lib.</span> <span class='ocrx_word' id='word_1_257' title='bbox 342 3272 385 3334; x_wconf 86' lang='lat'>11,</span> <span class='ocrx_word' id='word_1_258' title='bbox 402 3288 461 3342; x_wconf 80' lang='lat' dir='ltr'>pag.</span> <span class='ocrx_word' id='word_1_259' title='bbox 473 3274 530 3342; x_wconf 88' lang='lat'>767</span> <span class='ocrx_word' id='word_1_260' title='bbox 551 3283 577 3324; x_wconf 88' lang='lat' dir='ltr'>et</span> <span class='ocrx_word' id='word_1_261' title='bbox 621 3273 676 3326; x_wconf 88' lang='lat' dir='ltr'>visa</span> <span class='ocrx_word' id='word_1_262' title='bbox 686 3289 700 3323; x_wconf 85' lang='lat' dir='ltr'>a</span> <span class='ocrx_word' id='word_1_263' title='bbox 712 3272 790 3325; x_wconf 88' lang='lat' dir='ltr'>nobis</span> <span class='ocrx_word' id='word_1_264' title='bbox 804 3271 831 3325; x_wconf 90' lang='lat' dir='ltr'>in</span> <span class='ocrx_word' id='word_1_265' title='bbox 847 3273 934 3325; x_wconf 86' lang='lat' dir='ltr'>Horto</span> <span class='ocrx_word' id='word_1_266' title='bbox 949 3275 1033 3345; x_wconf 82' lang='lat' dir='ltr'>regio.</span> <span class='ocrx_word' id='word_1_267' title='bbox 1045 3276 1136 3330; x_wconf 75' lang='lat' dir='ltr'>liano.</span> 
     </span>
     <span class='ocr_line' id='line_1_32' title="bbox 64 3349 1139 3424; baseline 0.001 -15"><span class='ocrx_word' id='word_1_268' title='bbox 64 3357 133 3424; x_wconf 84' lang='lat'><strong>769.</strong></span> <span class='ocrx_word' id='word_1_269' title='bbox 146 3352 239 3406; x_wconf 75' lang='lat' dir='ltr'>Haan.</span> <span class='ocrx_word' id='word_1_270' title='bbox 253 3382 293 3394; x_wconf 94' lang='lat'>-</span> <span class='ocrx_word' id='word_1_271' title='bbox 302 3351 459 3406; x_wconf 80' lang='lat' dir='ltr'>Gentianam.</span> <span class='ocrx_word' id='word_1_272' title='bbox 479 3349 578 3403; x_wconf 84' lang='lat' dir='ltr'>Hodie-</span> <span class='ocrx_word' id='word_1_273' title='bbox 625 3384 662 3395; x_wconf 92' lang='lat'>-</span> <span class='ocrx_word' id='word_1_274' title='bbox 671 3351 756 3404; x_wconf 86' lang='lat' dir='ltr'>Nobis</span> <span class='ocrx_word' id='word_1_275' title='bbox 762 3363 801 3403; x_wconf 85' lang='lat' dir='ltr'>est</span> <span class='ocrx_word' id='word_1_276' title='bbox 808 3352 926 3424; x_wconf 78' lang='lat' dir='ltr'>Lytlernm</span> <span class='ocrx_word' id='word_1_277' title='bbox 936 3351 1058 3407; x_wconf 84' lang='lat' dir='ltr'>Salicaria</span> <span class='ocrx_word' id='word_1_278' title='bbox 1069 3352 1139 3419; x_wconf 86' lang='lat' dir='ltr'>(Do-</span> 
     </span>
     <span class='ocr_line' id='line_1_33' title="bbox 63 3421 1137 3506; baseline 0.002 -19"><span class='ocrx_word' id='word_1_279' title='bbox 63 3450 115 3506; x_wconf 81' lang='lat' dir='ltr'>que</span> <span class='ocrx_word' id='word_1_280' title='bbox 127 3432 210 3485; x_wconf 82' lang='lat' dir='ltr'>nobis</span> <span class='ocrx_word' id='word_1_281' title='bbox 223 3431 346 3486; x_wconf 82' lang='lat' dir='ltr'>Gentiana</span> <span class='ocrx_word' id='word_1_282' title='bbox 359 3433 424 3483; x_wconf 80' lang='lat' dir='ltr'>lutea</span> <span class='ocrx_word' id='word_1_283' title='bbox 437 3421 577 3500; x_wconf 71' lang='lat' dir='ltr'>(Pentand,</span> <span class='ocrx_word' id='word_1_284' title='bbox 621 3432 723 3484; x_wconf 81' lang='lat' dir='ltr'>decand.</span> <span class='ocrx_word' id='word_1_285' title='bbox 744 3451 874 3504; x_wconf 75' lang='lat' dir='ltr'>monogyn.</span> <span class='ocrx_word' id='word_1_286' title='bbox 890 3447 951 3504; x_wconf 74' lang='lat' dir='ltr'>gen.</span> <span class='ocrx_word' id='word_1_287' title='bbox 970 3437 1042 3489; x_wconf 78' lang='lat'>118²</span> <span class='ocrx_word' id='word_1_288' title='bbox 1065 3436 1137 3490; x_wconf 85' lang='lat' dir='ltr'>Pers.</span> 
     </span>
     <span class='ocr_line' id='line_1_34' title="bbox 62 3499 1141 3586; baseline 0.004 -20"><span class='ocrx_word' id='word_1_289' title='bbox 62 3511 275 3586; x_wconf 56' lang='grc' dir='ltr'>λιζγηοιιθδὸ</span> <span class='ocrx_word' id='word_1_290' title='bbox 284 3512 354 3564; x_wconf 77' lang='lat' dir='ltr'>Pera.</span> <span class='ocrx_word' id='word_1_291' title='bbox 363 3499 576 3579; x_wconf 79' lang='lat' dir='ltr'>Gentian..luss.).</span> <span class='ocrx_word' id='word_1_292' title='bbox 623 3510 728 3563; x_wconf 69' lang='lat' dir='ltr'>Sedere.</span> <span class='ocrx_word' id='word_1_293' title='bbox 744 3511 762 3562; x_wconf 85' lang='lat' dir='ltr'><strong>J</strong></span> <span class='ocrx_word' id='word_1_294' title='bbox 765 3507 841 3574; x_wconf 70' lang='lat' dir='ltr'>uss).</span> <span class='ocrx_word' id='word_1_295' title='bbox 854 3513 963 3565; x_wconf 86' lang='lat' dir='ltr'>Habitat</span> <span class='ocrx_word' id='word_1_296' title='bbox 973 3513 1000 3566; x_wconf 92' lang='lat' dir='ltr'>in</span> <span class='ocrx_word' id='word_1_297' title='bbox 1011 3517 1141 3586; x_wconf 78' lang='lat' dir='ltr'>aquosis:</span> 
     </span>
     <span class='ocr_line' id='line_1_35' title="bbox 61 3588 1141 3665; baseline 0.001 -18"><span class='ocrx_word' id='word_1_298' title='bbox 61 3593 173 3647; x_wconf 73' lang='lat' dir='ltr'>Habitat</span> <span class='ocrx_word' id='word_1_299' title='bbox 192 3597 222 3650; x_wconf 91' lang='lat' dir='ltr'>in</span> <span class='ocrx_word' id='word_1_300' title='bbox 242 3592 357 3663; x_wconf 79' lang='lat' dir='ltr'>Alpibus</span> <span class='ocrx_word' id='word_1_301' title='bbox 384 3604 411 3644; x_wconf 86' lang='lat' dir='ltr'>et</span> <span class='ocrx_word' id='word_1_302' title='bbox 429 3588 578 3662; x_wconf 77' lang='lat' dir='ltr'>subalpinis</span> <span class='ocrx_word' id='word_1_303' title='bbox 624 3591 803 3664; x_wconf 81' lang='lat' dir='ltr'>aLysimaclu&#39;a</span> <span class='ocrx_word' id='word_1_304' title='bbox 815 3604 933 3644; x_wconf 86' lang='lat' dir='ltr'>nostrate</span> <span class='ocrx_word' id='word_1_305' title='bbox 947 3605 973 3646; x_wconf 85' lang='lat' dir='ltr'>et</span> <span class='ocrx_word' id='word_1_306' title='bbox 985 3612 1096 3665; x_wconf 81' lang='lat' dir='ltr'>genere,</span> <span class='ocrx_word' id='word_1_307' title='bbox 1113 3609 1141 3648; x_wconf 85' lang='lat' dir='ltr'>et</span> 
     </span>
     <span class='ocr_line' id='line_1_36' title="bbox 62 3669 1069 3745; baseline 0.005 -24"><span class='ocrx_word' id='word_1_308' title='bbox 62 3673 157 3745; x_wconf 68' lang='lat' dir='ltr'>pratis.</span> <span class='ocrx_word' id='word_1_309' title='bbox 171 3669 225 3725; x_wconf 87' lang='lat' dir='ltr'>En.</span> <span class='ocrx_word' id='word_1_310' title='bbox 625 3669 725 3730; x_wconf 85' lang='lat' dir='ltr'>ordine</span> <span class='ocrx_word' id='word_1_311' title='bbox 736 3671 847 3723; x_wconf 91' lang='lat' dir='ltr'>omnino</span> <span class='ocrx_word' id='word_1_312' title='bbox 859 3669 1005 3726; x_wconf 86' lang='lat' dir='ltr'>diversum.</span> <span class='ocrx_word' id='word_1_313' title='bbox 1018 3673 1069 3726; x_wconf 89' lang='lat' dir='ltr'>Eu.</span> 
     </span>
    </p>

    <p class='ocr_par' dir='ltr' id='par_1_7' title="bbox 63 3743 1156 3903">
     <span class='ocr_line' id='line_1_37' title="bbox 106 3743 1156 3822; baseline -0.001 -15"><span class='ocrx_word' id='word_1_314' title='bbox 106 3772 132 3806; x_wconf 79' lang='lat'>2.</span> <span class='ocrx_word' id='word_1_315' title='bbox 148 3743 227 3807; x_wconf 76' lang='lat' dir='ltr'>Caulo</span> <span class='ocrx_word' id='word_1_316' title='bbox 238 3761 326 3815; x_wconf 84' lang='lat' dir='ltr'>tenero,</span> <span class='ocrx_word' id='word_1_317' title='bbox 335 3751 441 3822; x_wconf 78' lang='lat' dir='ltr'>pollicis,</span> <span class='ocrx_word' id='word_1_318' title='bbox 451 3764 503 3804; x_wconf 85' lang='lat' dir='ltr'>etc.</span> <span class='ocrx_word' id='word_1_319' title='bbox 513 3750 579 3803; x_wconf 88' lang='lat' dir='ltr'>Dio·</span> <span class='ocrx_word' id='word_1_320' title='bbox 667 3770 693 3804; x_wconf 78' lang='lat' dir='ltr'>a.</span> <span class='ocrx_word' id='word_1_321' title='bbox 708 3750 791 3803; x_wconf 80' lang='lat' dir='ltr'>Folia.</span> <span class='ocrx_word' id='word_1_322' title='bbox 803 3750 847 3803; x_wconf 85' lang='lat' dir='ltr'>Sic</span> <span class='ocrx_word' id='word_1_323' title='bbox 860 3751 939 3804; x_wconf 86' lang='lat' dir='ltr'>etiam</span> <span class='ocrx_word' id='word_1_324' title='bbox 953 3771 967 3806; x_wconf 89' lang='lat' dir='ltr'>a</span> <span class='ocrx_word' id='word_1_325' title='bbox 981 3744 1156 3806; x_wconf 73' lang='lat' dir='ltr'>Dioscoride</span> 
     </span>
     <span class='ocr_line' id='line_1_38' title="bbox 63 3822 1139 3903; baseline 0 -17"><span class='ocrx_word' id='word_1_326' title='bbox 63 3822 164 3886; x_wconf 63' lang='lat' dir='ltr'>scona</span> <span class='ocrx_word' id='word_1_327' title='bbox 178 3831 230 3884; x_wconf 85' lang='lat' dir='ltr'>loc.</span> <span class='ocrx_word' id='word_1_328' title='bbox 243 3830 287 3883; x_wconf 83' lang='lat' dir='ltr'>eit.</span> <span class='ocrx_word' id='word_1_329' title='bbox 301 3830 390 3883; x_wconf 75' lang='lat' dir='ltr'>llann.</span> <span class='ocrx_word' id='word_1_330' title='bbox 625 3827 800 3894; x_wconf 82' lang='lat' dir='ltr'>describitur,</span> <span class='ocrx_word' id='word_1_331' title='bbox 818 3830 865 3883; x_wconf 84' lang='lat' dir='ltr'>lib.</span> <span class='ocrx_word' id='word_1_332' title='bbox 882 3832 930 3890; x_wconf 87' lang='lat' dir='ltr'>IV,</span> <span class='ocrx_word' id='word_1_333' title='bbox 944 3850 1003 3903; x_wconf 83' lang='lat' dir='ltr'>cap.</span> <span class='ocrx_word' id='word_1_334' title='bbox 1018 3830 1139 3886; x_wconf 71' lang='lat' dir='ltr'>isdum-</span> 
     </span>
    </p>

    <p class='ocr_par' dir='ltr' id='par_1_8' title="bbox 63 3907 1143 4130">
     <span class='ocr_line' id='line_1_39' title="bbox 105 3907 1141 3984; baseline -0.002 -18"><span class='ocrx_word' id='word_1_335' title='bbox 105 3912 132 3966; x_wconf 67' lang='lat'>3&#39;.</span> <span class='ocrx_word' id='word_1_336' title='bbox 147 3911 206 3964; x_wconf 79' lang='lat' dir='ltr'>Sine</span> <span class='ocrx_word' id='word_1_337' title='bbox 215 3911 296 3964; x_wconf 74' lang='lat' dir='ltr'>cdere.</span> <span class='ocrx_word' id='word_1_338' title='bbox 306 3910 415 3963; x_wconf 81' lang='lat' dir='ltr'>Falsum</span> <span class='ocrx_word' id='word_1_339' title='bbox 425 3909 455 3962; x_wconf 91' lang='lat' dir='ltr'>id</span> <span class='ocrx_word' id='word_1_340' title='bbox 465 3921 520 3975; x_wconf 87' lang='lat' dir='ltr'>est,</span> <span class='ocrx_word' id='word_1_341' title='bbox 531 3925 581 3962; x_wconf 83' lang='lat' dir='ltr'>nee</span> <span class='ocrx_word' id='word_1_342' title='bbox 626 3909 729 3979; x_wconf 72' lang='grc' dir='ltr'>μάχιον,</span> <span class='ocrx_word' id='word_1_343' title='bbox 743 3911 764 3963; x_wconf 84' lang='lat' dir='ltr'>oi</span> <span class='ocrx_word' id='word_1_344' title='bbox 773 3907 804 3963; x_wconf 74' lang='lat' dir='ltr'>di</span> <span class='ocrx_word' id='word_1_345' title='bbox 813 3910 898 3981; x_wconf 74' lang='grc' dir='ltr'>λύτρον</span> <span class='ocrx_word' id='word_1_346' title='bbox 910 3917 1033 3964; x_wconf 75' lang='grc' dir='ltr'>καλοῦσιν.</span> <span class='ocrx_word' id='word_1_347' title='bbox 1047 3952 1054 3965; x_wconf 93' lang='grc'><strong>.</strong></span> <span class='ocrx_word' id='word_1_348' title='bbox 1067 3951 1073 3965; x_wconf 93' lang='grc'><strong>.</strong></span> <span class='ocrx_word' id='word_1_349' title='bbox 1084 3916 1141 3984; x_wconf 72' lang='grc' dir='ltr'>φῦλ-</span> 
     </span>
     <span class='ocr_line' id='line_1_40' title="bbox 63 3989 1143 4063; baseline 0.005 -19"><span class='ocrx_word' id='word_1_350' title='bbox 63 3993 97 4044; x_wconf 84' lang='lat' dir='ltr'>ab</span> <span class='ocrx_word' id='word_1_351' title='bbox 108 3992 161 4045; x_wconf 85' lang='lat' dir='ltr'>alio</span> <span class='ocrx_word' id='word_1_352' title='bbox 171 3990 319 4063; x_wconf 80' lang='lat' dir='ltr'>proditam.</span> <span class='ocrx_word' id='word_1_353' title='bbox 329 3989 498 4044; x_wconf 84' lang='lat' dir='ltr'>Dioscorides</span> <span class='ocrx_word' id='word_1_354' title='bbox 509 4006 581 4044; x_wconf 80' lang='lat' dir='ltr'>acet-</span> <span class='ocrx_word' id='word_1_355' title='bbox 624 3997 672 4040; x_wconf 87' lang='grc' dir='ltr'>λων</span> <span class='ocrx_word' id='word_1_356' title='bbox 692 3996 789 4042; x_wconf 76' lang='grc' dir='ltr'>λεπτῶν</span> <span class='ocrx_word' id='word_1_357' title='bbox 800 4029 807 4054; x_wconf 92' lang='grc'><strong>,</strong></span> <span class='ocrx_word' id='word_1_358' title='bbox 830 3991 1008 4061; x_wconf 79' lang='grc' dir='ltr'>παραπλησίων</span> <span class='ocrx_word' id='word_1_359' title='bbox 1027 3995 1077 4054; x_wconf 76' lang='grc' dir='ltr'>τοῖς</span> <span class='ocrx_word' id='word_1_360' title='bbox 1095 3998 1143 4054; x_wconf 70' lang='grc' dir='ltr'>τῆς</span> 
     </span>
     <span class='ocr_line' id='line_1_41' title="bbox 63 4067 810 4130; baseline -0.004 -6"><span class='ocrx_word' id='word_1_361' title='bbox 63 4072 163 4124; x_wconf 83' lang='lat' dir='ltr'>rimam</span> <span class='ocrx_word' id='word_1_362' title='bbox 170 4069 283 4124; x_wconf 84' lang='lat' dir='ltr'>odorem</span> <span class='ocrx_word' id='word_1_363' title='bbox 291 4068 382 4123; x_wconf 79' lang='lat' dir='ltr'>suffitu</span> <span class='ocrx_word' id='word_1_364' title='bbox 392 4067 505 4123; x_wconf 86' lang='lat' dir='ltr'>reddere</span> <span class='ocrx_word' id='word_1_365' title='bbox 517 4069 581 4122; x_wconf 84' lang='lat' dir='ltr'>scri·</span> <span class='ocrx_word' id='word_1_366' title='bbox 627 4071 704 4130; x_wconf 76' lang='grc' dir='ltr'><strong>ἰτέας.</strong></span> <span class='ocrx_word' id='word_1_367' title='bbox 720 4068 810 4122; x_wconf 75' lang='lat' dir='ltr'>liano.</span> 
     </span>
    </p>
   </div>
   <div class='ocr_carea' id='block_1_4' title="bbox 0 0 1336 4822">
    <p class='ocr_par' dir='ltr' id='par_1_9' title="bbox 0 0 1336 4822">
     <span class='ocr_line' id='line_1_42' title="bbox 0 0 1336 4822; baseline 0 0"><span class='ocrx_word' id='word_1_368' title='bbox 0 0 1336 4822; x_wconf 95' lang='lat' dir='ltr'> </span> 
     </span>
    </p>
   </div>
  </div>
 </body>
</html>
