2664 4822
507 395 667 463 muna
691 359 811 460 xx'v.
1127 384 1190 472 εον
1244 490 1247 494 .

121 524 232 617 Hujus
252 548 374 618 genera
393 510 481 594 duo*
506 528 631 611 fecere,
652 527 794 597 alterum
816 507 925 593 ἰωνίε6
947 521 1033 606 lolii,
1054 521 1195 593 alterum

121 645 264 698 tenuius.

173 739 250 804 XV.
269 736 455 806 Heracleon
473 738 638 808 siderion¹
660 755 695 809 et
716 741 824 833 ipsum
845 736 888 805 ab
906 732 1052 830 Hercule
1075 737 1194 804 inven-
1217 762 1227 796 ι

121 856 193 910 tum
207 840 294 943 est²‚
310 843 405 913 caule
429 846 520 914 tenui
536 845 718 941 digitorum
737 859 882 940 quatuor
899 840 1094 949 altitudine,
1112 841 1195 910 llore

122 950 286 1041 punicea,
304 949 397 1019 foliis
411 951 586 1020 coriandri.
601 954 701 1021 Juxta
715 951 806 1020 lacus
823 964 857 1019 et
874 973 989 1018 amnes
1010 948 1194 1032 invenitur,

121 1046 299 1150 omniaque
319 1043 478 1126 vulnera³
500 1058 591 1127 ferro
607 1057 697 1127 illata
711 1057 940 1129 efficacissime
958 1068 1062 1124 sanat.

122 1239 126 1246 ,
172 1163 267 1230 XVI.
288 1165 348 1233 Est
371 1165 527 1234 Chironis
549 1166 722 1234 inventum
748 1161 914 1258 ampelos,
947 1186 1021 1256 quoe
1050 1173 1191 1229 vocatur
1213 1184 1223 1216 1

122 1264 301 1351 Chironia,
318 1270 360 1338 de
378 1295 443 1365 qua
462 1269 604 1341 diximus
624 1269 725 1339 inter¹
750 1271 849 1355 vites,
873 1269 970 1338 sicuti
991 1266 1032 1336 de
1051 1263 1193 1352 herba',

120 1374 214 1468 cujus
230 1377 378 1464 inventio
396 1378 582 1472 assignatur
596 1379 767 1447 Minervae.

167 1484 283 1551 XVII.
311 1483 447 1552 Herculi
469 1509 543 1553 eam
566 1510 699 1579 quoquc
725 1481 951 1570 adscribunt¹,
968 1507 1042 1577 quae
1064 1478 1190 1575 Apolli·
1213 1509 1224 1542 1

158 1643 185 1693 5.
201 1641 285 1711 Hujus
299 1659 389 1708 genera
413 1642 472 1695 dno.
494 1642 559 1697 Alio
574 1663 634 1714 spe·
679 1644 731 1714 708
743 1646 816 1697 Pers.
830 1645 880 1697 sub
893 1643 960 1696 Meo.
979 1643 1081 1696 Umbell.
1094 1643 1164 1697 Jusa.
1173 1639 1192 1706 ).

118 1733 170 1774 ctat
181 1721 386 1791 Theophrastea
402 1722 510 1792 panacis
525 1723 634 1777 univer·
678 1723 786 1777 Habitat
805 1723 964 1794 inalpinis.
981 1723 1044 1776 Fab.
1060 1724 1193 1777 Columna

116 1804 164 1854 sim
180 1799 338 1854 distributio
354 1802 382 1854 in
402 1801 458 1856 dno
473 1821 583 1873 genera,
604 1806 632 1856 τὸ
676 1822 818 1875 perperam
845 1801 880 1855 ad
911 1803 1058 1856 saniculam
1090 1803 1190 1856 retulit.

118 1882 160 1949 μὲν
171 1882 349 1950 λοπτόφυλλον,
364 1884 392 1934 τὸ
406 1878 437 1935 dl
452 1885 633 1953 πλατύφυλλον,
677 1885 757 1936 Conl.
779 1883 915 1954 Sprengel.
930 1883 1033 1938 Histor.
1051 1883 1099 1936 Hei
1112 1883 1188 1935 herb.

117 1961 219 2014 Histor.
243 1961 300 2024 IX,
323 1980 375 2026 123
395 1962 508 2014 alterum
529 1963 632 2016 latioris
676 1975 742 2016 tom.
758 1963 782 2025 Ι,
793 1981 820 2033 p.
840 1962 967 2016 166.En.

117 2040 193 2104 lolii,
207 2041 337 2094 tenuioris
352 2042 477 2095 alterum.
488 2041 583 2096 Hann.
592 2073 633 2086 -
719 2062 744 2096 a.
761 2043 801 2093 Et
813 2044 888 2112 ipsum
902 2042 933 2092 ab
946 2042 1051 2094 Hercule
1070 2047 1189 2094 inventam

117 2122 200 2191 Hujus
205 2139 296 2186 genera
306 2121 363 2175 dao.
375 2121 466 2175 Genus
477 2120 553 2192 quod
561 2123 633 2176 luris
662 2120 663 2123 ’
675 2133 719 2174 est.
731 2121 794 2174 Haec
813 2134 851 2174 est
871 2119 986 2175 sideritis
997 2120 1120 2176 heraclea
1138 2141 1188 2192 po·

117 2201 173 2253 lolii
199 2213 239 2252 eat
260 2201 382 2255 Broterio
400 2213 440 2253 est
458 2201 631 2254 centaurium
675 2203 779 2266 sterion,
797 2202 936 2256 Cratevaer
954 2220 1010 2260 non
1030 2199 1115 2271 prior,
1128 2219 1188 2272 quo

116 2282 202 2352 majus
216 2280 326 2333 Officio.
350 2279 385 2332 de
408 2299 463 2351 quo
480 2298 559 2350 supra
571 2282 633 2353 egi-
675 2281 769 2334 solium
783 2299 898 2352 quercus
908 2280 998 2335 babet.
1013 2282 1084 2333 Dan.

75 2413 76 2416 ,
115 2378 192 2412 mus:
207 2359 283 2430 quod
296 2378 360 2412 vero
372 2361 492 2422 tenuius,
507 2360 548 2415 illi
561 2361 632 2417 vide-
717 2362 744 2414 3.
759 2362 895 2432 Omniaque
910 2362 1021 2414 aralnera.
1036 2360 1187 2431 Dioscorid.

107 2453 160 2492 ,tur
170 2439 244 2492 idem
252 2440 519 2512 atqueCentaurium
532 2441 630 2505 minus,
675 2440 726 2494 loc.
738 2441 783 2494 cit.
795 2441 850 2493 Καὶ
862 2442 979 2502 ratimari
991 2437 1096 2512 δύναμις
1108 2442 1188 2502 ἐπιτι-

114 2517 191 2591 quod
213 2520 295 2572 nobis
315 2518 412 2572 dicitur
438 2518 555 2573 Chironia
569 2521 631 2574 Cen·
674 2524 789 2591 θεμένης,
807 2522 938 2580 κολλῃτικὴ
958 2522 1062 2592 ἐναίμων
1077 2520 1119 2573 καὶ
1135 2542 1189 2574 νιο-

115 2602 221 2651 taurian
232 2591 487 2667 Willd.(Pentand.
501 2619 630 2672 monogyn.
673 2601 785 2670 τρώτων.
811 2600 920 2670 ·Hujus
942 2601 1076 2672 imposita)
1094 2620 1123 2653 ea
1150 2601 1189 2653 vis
1241 2653 1245 2662 ,

114 2673 176 2750 gen.
189 2679 247 2732 633
261 2680 333 2731 Pers.
346 2681 396 2732 sub
408 2680 551 2752 Erytleraea.
566 2681 632 2734 Gen·
674 2693 728 2745 est,
743 2691 773 2733 ut
786 2691 896 2733 cruenta
909 2682 1079 2752 recentiaque
1094 2681 1188 2733 vulne·

115 2764 177 2812 tian.
191 2760 208 2813 J
211 2779 262 2812 usa.
275 2748 295 2828 l.
307 2758 416 2812 Habitat
436 2759 465 2810 in
488 2760 561 2813 silvis
579 2780 629 2820 nor
673 2779 705 2812 ra
715 2760 836 2831 glutinet.
848 2787 859 2808 ι
874 2759 965 2813 Hanu.

81 2853 84 2859 '
114 2839 186 2893 atris.
196 2840 286 2909 Vulgo
299 2843 374 2910 petite
392 2843 525 2893 centaurde.
537 2841 589 2893 En.
714 2841 791 2893 XVI.
810 2857 835 2892 1.
858 2843 897 2892 De
923 2860 971 2912 qua
991 2841 1095 2893 diximus
1117 2842 1188 2904 inter,

157 2923 185 2972 6.
203 2919 292 2970 Laris.
317 2919 438 2972 Gronov.
463 2932 490 2972 et
507 2920 548 2971 Al.
569 2933 631 2974 ante
675 2932 726 2973 etc.
741 2920 800 2972 Lib.
815 2920 999 2990 XXHl‚cnp.
1018 2940 1063 2990 17.
1079 2922 1172 2972 Hanc.

113 2996 200 3050 Hard.
220 2999 331 3061 Iei·ioris‚·
360 3011 386 3051 et
407 2999 493 3051 statim
514 3018 577 3053 mox
599 3011 632 3052 te·
718 3020 743 3053 a.
763 3000 803 3050 Da
817 3001 897 3053 larba.
911 2999 1053 3053 Parthenio
1073 3000 1189 3073 scilicet,

113 3081 225 3143 nuioris,
236 3098 290 3131 non
303 3081 410 3141 tenuium·
422 3077 486 3131 edit.
496 3079 630 3151 princeps,
675 3080 710 3133 de
725 3099 779 3150 quo
793 3081 891 3143 XXII,
908 3100 952 3133 ao.
964 3076 1055 3132 Haun.

114 3157 192 3211 Brot.
207 3171 289 3224 toste,
306 3163 390 3212 tenur's.
409 3161 461 3211 En.
676 3216 677 3221 .
710 3161 804 3213 XVII.
824 3178 848 3213 1.
864 3161 965 3212 Herculi
979 3180 1031 3211 enm
1043 3180 1134 3231 piraque
1146 3160 1191 3212 ad·
1209 3208 1211 3212 ι

157 3238 220 3290 XV.
243 3258 267 3292 1.
281 3240 418 3290 Heracleon
436 3238 548 3294 siderion.
569 3240 633 3294 Haeo
675 3239 799 3302 scribunt,
821 3254 871 3293 etc.
884 3241 946 3292 Vox
965 3240 1023 3303 boo
1035 3241 1191 3312 ὑοσκύαμος,

115 3316 236 3370 sideritis
250 3321 327 3371 tertia
343 3318 508 3372 Dioscuridis
520 3321 632 3384 eat‚IV,
676 3320 729 3373 suis
743 3320 917 3384 fabam„seu
941 3319 1029 3372 labam
1050 3321 1215 3390 porcinam·

116 3399 164 3463 35,
177 3416 259 3469 quam
269 3412 295 3451 et
311 3399 436 3452 Crateras
446 3399 483 3452 ibi
496 3391 631 3470 Ἡράκλειον
677 3413 761 3453 sonat.
779 3401 871 3464 Quum
885 3419 968 3472 porro
988 3419 1079 3463 suem.
1093 3418 1189 3471 aprum

115 3490 212 3543 vocat,
225 3477 293 3530 flore
306 3479 436 3549 puniceo,
451 3479 522 3532 foliis
534 3479 634 3533 corian·
677 3480 885 3551 Erymanthium
904 3480 1033 3532 Hercules
1048 3478 1191 3540 occiderit,

114 3557 175 3623 dri,
190 3557 312 3611 caulibus
325 3561 506 3627 σπιθαμιαίοις,
520 3561 572 3612 hoc
585 3573 634 3625 est,
678 3561 723 3631 qui
743 3578 808 3630 aper
823 3561 850 3612 in
869 3558 1003 3612 Arcadum
1021 3562 1090 3612 ter'ra
1107 3559 1193 3611 luerat

117 3638 202 3707 palmi
217 3636 366 3691 altitudine.
377 3638 571 3691 Geraniumest
581 3642 634 3692 Do·
679 3640 825 3704 enutritus,
843 3637 946 3692 idcirco
961 3652 986 3691 et
1000 3639 1060 3694 faba
1079 3638 1131 3691 suis
1143 3638 1193 3689 Ar·

116 3717 429 3775 donaeillobertianum.
445 3738 473 3788 p.
488 3721 535 3782 62,
551 3719 634 3772 visum
679 3718 775 3773 cadica
799 3719 856 3772 baec
880 3720 1011 3789 appellata
1037 3733 1091 3782 est,
1118 3728 1145 3785 et
1166 3717 1193 3769 in

116 3817 132 3849 a
148 3798 230 3850 nobis
243 3797 271 3848 in
288 3797 371 3851 horto
385 3799 478 3870 Regio.
493 3797 635 3853 Hann·,-
680 3812 782 3869 partem
808 3799 923 3869 aliquam
945 3801 1000 3870 ejus
1019 3796 1196 3859 inventionis,

117 3874 243 3949 Σιδηρῖτις
256 3877 327 3947 τρίτη
341 3878 492 3931 Dioscorid.
504 3879 556 3933 loc.
573 3898 635 3950 sup.
681 3879 809 3932 Hercules
823 3880 905 3932 venit.
923 3877 997 3931 Vide
1015 3878 1110 3931 Galen.
1129 3877 1196 3930 κατὰ

117 3955 195 4010 laud.
207 3957 286 4009 nobis
301 3970 340 4010 est
350 3957 532 4011 Phellandrinm
545 3960 636 4012 llutel·
683 3961 741 4013 ro'n.
755 3959 812 4020 tx,
831 3965 863 4024 4,
876 3978 903 4029 p.
920 3962 985 4027 609.
999 3957 1106 4029 Eadem*
1119 3957 1198 4027 Apol-

117 4037 171 4088 lina
195 4036 275 4090 Linn.
300 4030 443 4096 (Pentand.
466 4038 549 4110 digyn.
577 4057 635 4109 gen.
682 4039 774 4092 linaria
790 4037 901 4104 dicitur,
915 4036 988 4109 quod
1003 4049 1120 4091 mentem
1141 4057 1200 4110 per·

1004 4132 1066 4216 :55³
