2664 4822
127 363 194 441 ιιι
400 371 437 437 o.
465 361 629 440 rnruu
653 318 923 439 uirsursr.

126 502 660 597 Britanniae,·velutpropinquoe‚
685 503 847 572 dicavere.
874 492 985 570 Non²³
1008 502 1095 571 enim
1118 502 1193 572 indo

127 608 325 702 appellatam
341 633 435 691 eam,
458 610 613 702 quoniam
633 610 678 677 ibi
690 608 831 703 plurima
848 623 1051 694 nasceretur,
1065 622 1194 678 certum

127 730 192 796 est,
211 716 392 784 etiamnum
411 716 581 783 Britannia
599 714 714 784 libera.

92 853 103 887 ι
171 818 259 888 ..VII
275 823 349 889 Fuit
366 820 497 913 quidem
514 834 547 890 et
560 821 616 890 luc
632 820 799 915 quondam
819 820 980 905 ambitus,
1003 821 1194 889 nominibus

125 928 199 995 suis
204 952 259 996 eas
273 926 471 1019 adoptandi,
484 941 522 994 ut
536 925 746 996 docebimus¹
765 927 880 994 fecisse
897 950 1007 1021 reges.
1000 924 1130 994 .²tanta
1141 950 1194 996 res

125 1031 315 1118 videbatur,
337 1032 503 1100 herbam
494 1035 658 1119 mveuire,
673 1034 777 1100 vitam
791 1033 926 1125 juvare,
944 1056 1033 1100 nuno
1047 1032 1194 1101 fortassis

74 1152 78 1161 “
123 1136 288 1232 aliquibus
309 1163 424 1214 curam
445 1133 597 1208 nostram
614 1138 765 1208 frivolam
787 1162 919 1231 quoque
937 1139 1193 1208 existimaturis:

124 1244 208 1312 adeo
220 1243 344 1313 deliciis
361 1245 497 1314 sordent
514 1247 613 1315 etiam
628 1271 701 1339 quae
716 1244 758 1314 ad
776 1243 916 1313 salutem
935 1245 1113 1338 pertinent.
1130 1247 1196 1313 Au·
1233 1322 1235 1326 .

124 1353 233 1419 ctores
247 1364 357 1431 tamen
372 1376 513 1445 quarum
531 1353 761 1432 inveniuntur,
780 1352 814 1418 in
830 1351 944 1444 primis
955 1348 1123 1419 celebrare
1135 1375 1196 1444 par

94 1487 108 1518 ι
127 1471 194 1542 est,
209 1456 332 1524 effectu
346 1481 461 1526 earum
475 1457 630 1552 digesto
622 1483 656 1524 m
676 1480 797 1551 genera
813 1456 1017 1524 morborum
1031 1456 1109 1544 Qua
1124 1457 1195 1550 qui·

124 1509 225 1630 deni
217 1587 250 1629 m
270 1565 480 1656 reputatione
499 1565 645 1632 misereri
665 1563 761 1632 sortis
773 1561 928 1630 humanae
947 1562 1036 1630 subit
1043 1576 1196 1656 ,praeter

125 1667 263 1738 fortuita
280 1693 461 1762 casusque,
479 1686 513 1739 et
526 1696 599 1765 quae
614 1653 771 1738 nomina³
785 1669 894 1736 omnis
911 1667 995 1735 hora
1013 1669 1196 1761 excogitat,

124 1773 166 1848 ad
197 1772 296 1842 millia
327 1777 521 1844 morborum
554 1774 690 1870 singulis
720 1772 911 1844 mortalium
940 1774 1096 1842 timenda.
1128 1775 1196 1863 Qui

124 1881 310 1975 gravissimi
333 1906 373 1949 ex
399 1881 450 1950 his
478 1883 543 1951 sint
571 1881 774 1966 discernere,
796 1879 940 1949 stultitia
963 1905 1068 1974 prope
1090 1880 1196 1949 videri

123 2001 248 2080 potest,
266 2013 368 2081 quum
385 2012 464 2057 suus
476 1989 594 2082 cuique
607 1987 650 2056 ad
666 2012 808 2082 praesens
820 1988 957 2080 quisque
971 1988 1196 2055 atrocissimus

124 2093 287 2178 videatur,
309 2096 352 2162 Et
374 2092 500 2162 dehoc
522 2109 632 2163 tamen
652 2093 845 2187 judicavere
864 2078 938 2159 avil
957 2094 1196 2186 experimento,

126 2201 326 2293 asperrimos
342 2201 507 2269 cruciatus
526 2208 597 2268 e'sse
619 2198 824 2270 calculorum
843 2223 862 2266 a
880 2196 1044 2267 stillicidio
1061 2201 1195 2286 vesicam

125 2448 177 2500 gua
196 2427 342 2481 deductum
358 2427 387 2480 id
406 2446 508 2480 nomeu
524 2426 635 2480 suadere
679 2429 791 2481 herbam
812 2427 949 2490 iuvenire,
968 2429 1050 2480 vitam
1062 2430 1166 2498 juvare.
1181 2455 1193 2477 »

28 2536 31 2541 ·
124 2509 220 2562 nititur
229 2502 448 2580 quidem:atnon
457 2507 568 2559 omnino
577 2526 637 2578 per·
681 2508 761 2559 Prur.
778 2537 818 2547 -
832 2507 921 2558 Tanta.
938 2509 969 2559 Iu
983 2508 1058 2560 libris
1074 2506 1109 2560 ad
1121 2509 1196 2561 huno

126 2586 229 2642 suadet.
245 2586 279 2639 H.
298 2619 337 2629 -
349 2588 430 2640 Conf.
443 2587 522 2639 etiam
539 2584 637 2640 deiru·
682 2586 754 2640 diem
769 2586 898 2656 vulgatis,
921 2598 971 2638 «ut
993 2606 1036 2640 res
1056 2600 1129 2660 tanta
1151 2586 1197 2640 de·

127 2669 230 2738 μολογίᾳ
257 2666 512 2720 uostr.P01us11usr
532 2669 638 2719 ιιιιὸι·
682 2667 785 2720 beatur.
801 2692 811 2712 n
835 2667 868 2718 In
879 2668 944 2736 Reg.
961 2687 988 2731 ι,
1005 2679 1099 2719 «tanta
1113 2678 1197 2720 resut

126 2765 195 2815 var,
214 2746 330 2799 Traduot
345 2747 374 2796 da
388 2746 473 2806 Pllua,
491 2758 555 2798 tom.
558 2746 638 2813 VIH,
682 2745 860 2798 debeatur:
850 2764 935 2816 nquae
950 2746 1060 2799 sincerat
1073 2745 1197 2800 lectionis

127 2826 161 2882 ad
174 2846 250 2891 euru,
266 2825 367 2896 dequo
380 2844 455 2878 nuuc
468 2825 583 2894 agimus,
597 2827 638 2878 lo
682 2825 753 2878 haud
785 2826 897 2878 obscura
927 2825 1049 2878 retinent
1079 2826 1196 2898 vestigia.

126 2925 197 2959 cum.
215 2908 268 2958 En.
682 2897 821 2958 Pintianus
836 2903 909 2957 baud
927 2905 995 2957 male
1009 2924 1118 2976 quoque
1132 2923 1197 2958 cou-

168 2985 213 3038 23.
242 2985 300 3038 Nou
326 2989 386 3037 enim
413 2986 467 3037 iude
491 2987 636 3055 appellatam
680 2986 837 3056 Jioiebat:
826 2984 916 3037 tanti
930 2984 968 3036 eis
981 2983 1197 3038 videbaturber·

125 3086 194 3130 eam,
217 3078 266 3117 eto.
289 3066 350 3118 Non
370 3077 409 3117 est
430 3066 574 3118 verisimile
595 3084 638 3136 ap·
682 3066 760 3130 bam,
777 3076 850 3117 eto.»
848 3059 960 3117 Ηιιιιι.

126 3147 250 3217 pellatam
265 3163 321 3197 eam
333 3144 443 3197 herbam
459 3164 513 3198 esse
528 3145 638 3197 similite
725 3145 752 3198 3.
765 3145 867 3216 Ecqua
876 3143 982 3195 uomina.
999 3144 1113 3197 Nomina
1128 3163 1198 3197 nova

126 3243 237 3278 romano
247 3223 430 3294 deBritanniae
442 3225 563 3283 nomine,
573 3244 640 3295 quo·
682 3225 760 3278 novis
782 3225 940 3277 morborum
962 3223 1107 3293 generibus
1119 3264 1126 3288 ,
1138 3243 1199 3296 quar

126 3305 198 3357 uiam
211 3304 252 3355 ibi
263 3304 376 3374 plurima
385 3318 546 3370 nasceretur,
554 3323 638 3375 quum
683 3303 800 3357 subinde
819 3315 971 3367 nascuntur,
991 3301 1086 3355 indita.
1102 3303 1136 3356 H.
1157 3335 1199 3348 --

126 3383 269 3456 prasertim
285 3385 420 3436 Britannia
441 3396 497 3436 tum
520 3385 559 3436 sui
574 3385 639 3455 juris
684 3386 722 3436 m
732 3404 794 3458 quoe.
808 3382 929 3435 Gronov.
941 3395 967 3434 et
980 3382 1022 3434 Al.
1038 3395 1098 3435 ante
1113 3381 1198 3436 Hard.

127 3475 202 3522 esset.
211 3482 261 3516 nec
271 3465 398 3516 Romanis
409 3465 536 3535 subjecta.
547 3465 639 3517 Ηιιιιι.
683 3477 709 3515 et
727 3465 824 3516 uomina
839 3482 892 3532 quoe
900 3482 910 3523 ,-
924 3473 951 3514 et
963 3462 1043 3532 paulo
1062 3475 1123 3534 post
1136 3464 1199 3515 ttul-

166 3541 229 3594 VII.
246 3563 271 3597 ι.
285 3543 319 3595 Ut
325 3544 460 3595 &achimus
465 3544 553 3609 fecisse
560 3533 639 3613 rages,⁴
685 3547 753 3607 titia,
768 3562 822 3595 non
834 3543 954 3593 stultilioe.
967 3541 1020 3594 En.

127 3637 178 3676 etc.
194 3623 260 3694 Cap.
274 3622 321 3689 33,
333 3637 359 3676 et
374 3642 432 3695 sqq.
445 3624 538 3678 Ηιιιῐι.
726 3630 751 3687 l.
764 3624 815 3676 Avi
826 3625 993 3692 experimento.
1008 3622 1040 3673 In
1052 3620 1129 3673 MSS.
1144 3640 1201 3674 om·

170 3725 196 3756 a.
212 3704 247 3756 Ue
263 3723 300 3754 res
317 3716 385 3755 tauta
404 3704 526 3764 debeatur,
543 3703 638 3755 berham
683 3704 764 3755 nibus
780 3704 940 3772 experimenta
962 3701 1086 3771 legimus.
1108 3700 1200 3765 Quare

126 3787 244 3842 iuveaire.
255 3786 332 3835 ‘ultam
339 3784 437 3853 jurare.
449 3785 480 3835 In
489 3783 582 3836 codice
593 3800 639 3834 an·
683 3796 729 3835 aut
741 3786 817 3843 vira,
838 3794 884 3836 aut
906 3785 953 3832 cari
968 3783 1128 3851 experimenta
1144 3799 1200 3833 rna·

127 3863 213 3933 tique,
225 3876 367 3917 «tantares
377 3863 518 3916 videbatur
529 3863 639 3916 herbam
657 3913 664 3920 ,
684 3863 731 3914 lim
745 3881 752 3914 :
767 3880 828 3914 nam
850 3865 889 3914 avi
909 3880 959 3933 pro
980 3860 1124 3931 majoribus
1144 3859 1201 3913 dici

127 3941 265 4008 invenire,
286 3943 364 3997 vitam
377 3946 478 4016 juvare.
491 3967 502 3988 ι
518 3942 640 3995 Scribeu·
684 3961 738 3994 non
758 3940 903 3994 admodum
923 3941 1029 3994 arridet.
1049 3938 1144 3993 Ηιιιιι.
1159 3971 1202 3983 -

125 4018 190 4075 dum
220 4041 292 4088 reor,
317 4049 328 4071 ι
344 4024 410 4077 tanti
436 4023 474 4075 eir
499 4022 641 4075 videbatur
686 4023 757 4075 Brot.
777 4025 823 4074 ori
831 4024 998 4093 coperimento.
1010 4020 1062 4072 En.
