2664 4822
452 372 609 463 marm
635 370 753 440 uxr.
1066 334 1136 468 543

54 523 181 600 postca
195 506 344 600 quisquis
363 503 522 574 auxilium
542 503 649 574 simile
670 507 818 574 tentavit.
840 504 931 573 Alias
957 507 1049 599 apud·
1072 532 1135 576 au-

50 628 174 683 ctores
183 611 386 706 cynorrhodi
401 635 468 679 una
482 610 647 680 medicina
659 626 754 680 erat:
773 609 953 706 spongiolae
963 610 999 697 ¹⁰,
1011 636 1085 706 quoe
1100 615 1135 681 in

47 719 183 789 tnediis
202 716 307 812 spinis
327 718 397 811 ejus
418 719 582 802 nascitur,
604 719 714 786 cinere
741 742 817 786 cum
842 716 955 803 melle,
973 715 1136 811 alopecias

47 827 183 920 capitis
197 823 331 919 expleri.
348 829 389 892 ln
406 823 521 892 eadem
540 824 711 918 provincia
729 826 871 918 cognovi
883 826 918 891 in
930 848 1012 917 agro
1022 823 1135 920 hospi·
1155 839 1170 888 's

48 933 103 1001 tis
118 957 231 1026 nuper
243 931 289 998 ibi
302 945 471 1024 repertum
487 929 728 1001 dracunculum
741 928 943 1024 appellatum
952 929 974 953 ¹¹
990 929 1136 1017 caulem,

48 1036 221 1132 pollicari
239 1036 473 1121 crassitudine,
491 1035 748 1106 versicoloribus
769 1039 959 1130 viperarum
980 1034 1136 1119 maculis,
1156 1028 1158 1033 ¹

47 1168 164 1237 quem
194 1143 346 1213 serebant
372 1157 492 1212 contra·
511 1144 660 1217 omnium
692 1166 822 1211 morsus
841 1167 911 1212 esse
920 1140 943 1166 ¹²
966 1143 1135 1212 remedio:

50 1248 185 1329 alium,
201 1273 300 1343 quam
322 1274 407 1343 quos
426 1250 460 1316 in
482 1234 616 1341 priori¹³
634 1247 805 1317 volumine
826 1249 973 1341 ejusdem
995 1251 1137 1339 nominis

52 1355 230 1424 diximus:
246 1350 304 1423 sed
317 1354 396 1424 huic
416 1353 479 1422 alia
488 1355 595 1448 figura
605 1341 642 1442 ¹¹⁶,
655 1353 811 1449 aliudque
828 1354 1026 1424 miraculum
1041 1380 1136 1425 exse·

55 1464 169 1530 sentis
188 1486 224 1529 se
238 1476 326 1529 terra
341 1461 384 1529 ad
397 1462 518 1552 primas
529 1463 973 1556 serpentiumrernutiones,
994 1461 1137 1556 bipedali

58 1567 135 1635 fere
152 1565 348 1652 altitudine,¹
362 1591 541 1661 rursusque
564 1591 639 1636 cum
661 1567 776 1636 iisdem
797 1570 971 1637 interram
992 1568 1137 1637 conden-

61 1674 134 1742 tis:
158 1698 222 1742 uec
242 1675 378 1742 omnino
401 1672 567 1743 occultato
586 1699 626 1742 eo
647 1689 786 1768 apparet
807 1699 943 1768 serpens
968 1700 976 1741 ε
1001 1672 1053 1742 vel
1073 1674 1138 1743 hoc

64 1805 124 1872 per
144 1781 281 1848 sezsatis
304 1779 454 1849 officioso
470 1796 596 1850 naturae
617 1778 754 1848 munere
765 1812 781 1866 ,·
795 1782 822 1848 si
845 1795 974 1849 tantum
999 1804 1138 1875 praemo-

67 1899 180 1971 neret,
211 1901 407 1980 tempusque
434 1886 619 1956 formidinis
651 1885 904 1955 demonstraret.
935 1877 1038 1976 (ιιι.)
1066 1888 1173 1957 Neci

108 2138 152 2172 ro.
162 2117 312 2189 spongiola.
319 2118 383 2170 Eum
392 2119 422 2171 in
436 2121 581 2191 cynosbato
626 2119 785 2171 dracurteulus
796 2120 872 2172 caulis
883 2121 1041 2190 appellatur.
1048 2120 1140 2173 Hasu.

54 2212 144 2253 ¹vocut
162 2198 274 2267 pilulam
290 2216 347 2269 cup.
370 2199 405 2251 13
420 2199 482 2251 libri
502 2216 582 2268 supe·
671 2205 715 2262 14.
730 2198 782 2251 Sed
795 2200 850 2251 huie
867 2199 1018 2270 uliafiguru.
1037 2198 1140 2253 Plinius

69 2277 322 2332 rioris.Dsn1rc.-
335 2277 582 2347 Spongioloe.Spon-
627 2297 709 2348 quum
724 2277 862 2331 auditione
878 2291 981 2332 tantum
997 2279 1024 2331 id
1041 2297 1140 2350 coguo-

69 2359 139 2428 g'nuu
166 2375 199 2430 ex
232 2355 319 2408 rubro
351 2357 453 2409 rosario
485 2357 583 2427 agresti
626 2357 724 2419 visset,
741 2358 819 2411 facile
830 2359 947 2412 narranti
963 2357 1069 2430 quidvis
1082 2377 1139 2412 cre·

69 2449 202 2509 sumptam
226 2448 305 2489 vocat
333 2436 453 2489 Marcell.
478 2437 581 2506 Empir.
628 2435 705 2490 didit.
716 2439 847 2490 Craterum
855 2436 1023 2491 dracontium
1035 2436 1140 2503 id,tan-

69 2534 124 2589 osp.
139 2533 222 2579 xxvi,
243 2534 269 2585 p.
285 2518 350 2580 181,
371 2528 398 2568 et
417 2534 475 2588 cap.
490 2534 583 2580 xxvii,
628 2529 685 2568 tum
699 2536 713 2568 a
727 2517 829 2587 vulgari
844 2517 1027 2587 magnitudine
1040 2517 1139 2572 discre-

69 2615 129 2668 pag.
150 2597 218 2661 196.
233 2593 325 2648 uisu.
627 2609 682 2664 pat.
695 2596 789 2666 ltaque
804 2596 867 2649 folia
876 2596 977 2668 lapathi
989 2616 1043 2649 non
1059 2609 1139 2663 sunt,

110 2695 156 2729 rr.
167 2675 349 2727 Drucuuculum
363 2675 511 2744 appellatum
525 2696 583 2727 cau·
628 2674 673 2727 sed
683 2676 773 2745 potius
782 2675 822 2727 ari
832 2716 838 2738 ,
847 2676 909 2728 allio
922 2677 1013 2729 ursino
1023 2677 1136 2732 similia:

69 2755 120 2808 lem.
131 2754 223 2808 cautis
234 2755 257 2805 is
264 2767 303 2807 est
313 2752 485 2807 dracontium
494 2756 584 2806 minus
627 2773 676 2806 nec
691 2752 776 2807 caulis'
790 2756 877 2808 buculi
897 2754 1071 2809 crassitudine
1084 2769 1138 2823 est,

69 2834 193 2906 frequens
207 2833 235 2885 in
252 2834 337 2886 insula
351 2831 474 2900 Corsica,
489 2847 516 2888 et
528 2836 584 2886 Ma·
628 2830 674 2886 sed
685 2835 790 2904 pollicis
803 2852 820 2885 :-
830 2833 926 2887 llorere
941 2836 1016 2888 aiunt
1034 2837 1138 2889 octobri

67 2912 273 2982 jorics.Da1.nc.
629 2926 654 2965 et
675 2915 826 2966 novembri.
846 2913 928 2979 Quod
943 2906 1031 2968 nutem
1048 2917 1139 2972 scribit

111 3013 155 3047 aa.
184 2991 277 3045 Contra
300 2999 404 3046 omnium
425 3014 516 3046 morsus
533 3014 583 3046 esse
627 2993 699 3045 nasci
714 2991 907 3064 prodeuntibus
924 3012 987 3047 vere
1007 2997 1138 3066 serpenti-

70 3074 205 3126 rsmedium.
218 3072 292 3124 Alius
307 3087 363 3137 est,
374 3086 425 3126 etc.
438 3070 448 3135 (
460 3074 497 3127 sic
508 3074 583 3144 prius
627 3073 692 3135 bus,
706 3092 823 3127 arescere
832 3092 915 3143 quum
929 3093 984 3127 sese
1001 3074 1139 3140 condunt,
1194 3077 1197 3083 ’

69 3149 235 3223 legebatur).
248 3152 349 3226 Forte:
375 3179 386 3201 ι
402 3155 505 3207 Contra
522 3172 581 3205 om·
626 3152 655 3204 in
669 3147 772 3224 vulgari
785 3167 877 3206 nostro
893 3155 973 3206 etiam
989 3168 1140 3225 spectatum

69 3231 142 3284 nium
154 3250 259 3284 morsus
274 3231 470 3297 essercmedio,
484 3234 581 3297 alium,
626 3231 655 3284 id
676 3232 742 3285 mihi
760 3232 888 3286 credibile
908 3247 1032 3297 nonest,
1055 3254 1138 3306 quum

70 3329 147 3380 quarn
158 3328 226 3382 quos
237 3312 265 3364 in
272 3313 356 3383 priori
365 3313 501 3366 volumine
511 3316 582 3383 ejus·
627 3325 657 3365 ut
669 3312 760 3370 aiunt,
777 3314 841 3365 seris
857 3313 920 3365 anni
937 3314 1074 3367 mensibus
1089 3314 1139 3368 flo-

70 3389 129 3445 dem
142 3391 262 3444 nominis
276 3391 402 3446 diximus.
416 3420 429 3440 υ
451 3391 496 3445 Sic
510 3393 581 3445 enirn
625 3403 697 3456 reat,
707 3392 805 3464 quibus
819 3393 902 3447 latent
916 3412 1021 3465 angues.
1035 3396 1138 3448 Dassa.

70 3470 224 3539 Vossianus.
236 3470 331 3525 Gnou.
626 3503 665 3513 -
674 3472 721 3524 Est
734 3473 923 3525 Dracunculus
937 3474 1011 3526 caule
1030 3475 1140 3527 maculis

110 3549 157 3604 13.
167 3553 288 3618 Iupriori
295 3552 424 3607 vehimine.
435 3552 581 3622 Superiora
597 3590 600 3597 .
626 3563 735 3619 notat03
751 3553 776 3603 lu
792 3557 947 3622 serpentaria.
962 3555 1010 3606 Est
1025 3567 1052 3606 et
1065 3554 1139 3606 caule

71 3627 152 3686 libro,
168 3649 228 3698 cap.
245 3631 291 3698 93.
306 3630 434 3684 Nondum
444 3632 580 3685 mibiher·
625 3631 806 3685 immaculato.
821 3633 988 3686 Biton-De
1002 3633 1138 3685 AroDm·
1183 3676 1189 3710 q

70 3707 286 3779 bucompertum
303 3729 389 3782 genus
408 3709 474 3764 illud
487 3711 581 3771 est‚in
626 3712 727 3763 cauculo
741 3713 795 3783 jam
815 3712 894 3765 nobis
915 3724 1003 3765 actum
1019 3725 1068 3764 est.
1085 3715 1138 3765 lta-
1184 3710 1199 3773 ll

71 3787 141 3856 quod
163 3788 254 3842 omnia
275 3808 306 3843 ea
325 3792 499 3855 conveniant,
523 3809 581 3863 quc
626 3789 671 3843 dix
686 3804 714 3845 et
723 3792 797 3855 folia,
812 3792 863 3844 Art
873 3793 990 3845 munau
1003 3789 1093 3846 radice
1107 3812 1138 3848 ac

21 3879 23 3882 ’
71 3864 112 3920 bic
122 3869 289 3922 referuntur:
302 3869 384 3942 idque
394 3871 421 3923 in
430 3871 582 3942 primis,nt
626 3871 698 3923 loliis
727 3872 896 3936 efficaciora,
925 3873 1088 3926 etiamnunc*
1111 3873 1140 3926 in

73 3947 132 4001 teris
144 3948 208 4001 anai
226 3949 377 4013 mensibus,
390 3951 487 4022 quibus
503 3952 581 4005 lateat
626 3969 702 4003 usum
717 3951 894 4022 recipiuntur.
905 3952 948 4006 Cf.
960 3951 1061 4007 Geoifr.
1073 3952 1141 4006 Mat.

18 4029 25 4042 '
74 4027 175 4097 aguis,
194 4028 282 4099 ipsum
297 4042 405 4085 aaran
425 4028 581 4096 lnlndice,
626 4029 695 4084 med.
711 4031 767 4097 1111,
781 4050 809 4101 p.
824 4039 876 4102 407
891 4050 951 4104 sqq.
967 4034 1019 4085 En.
1061 4048 1065 4057 ’

1158 4242 1260 4540 r
