2664 4822
213 332 285 443 aaa
483 359 521 426 c.
548 358 722 429 etrum
746 357 855 426 aar.
883 356 1015 425 nrsr.

212 492 294 561 lavit
306 490 441 560 auribus
455 490 552 566 olidis
561 489 585 530 ¹⁷
600 517 762 580 succum,
775 493 1062 585 inunxitqueeum
1074 492 1153 560 vino
1167 505 1290 561 vetere.

213 599 300 668 Alvo
322 597 400 668 folia
421 599 597 692 imposuit,
626 600 798 694 epiphoris
807 585 848 684 ¹⁸,
869 599 1082 693 stranguriae,
1109 612 1145 666 et
1164 599 1291 668 vesicae.

140 768 144 778 ι
214 709 403 775 Decoctum
419 706 489 799 ejus
503 704 598 774 dedit
614 731 691 776 cum
708 706 846 801 myrrha
868 720 903 774 et
923 705 1031 774 thure.
1053 703 1139 774 Alvo
1156 703 1292 798 quidem

213 810 424 897 solvendae¹⁹,
435 809 488 880 vel
499 813 531 880 in
546 810 649 901 febri,
665 812 863 908 decoquitur
872 827 1034 907 quantum
1049 836 1169 880 manus
1184 812 1293 906 capiat

213 921 249 986 in
266 919 397 988 duobus
407 920 556 987 sextariis
570 943 664 1013 aquae
679 920 722 990 ad
732 919 902 989 dimidias:
917 919 1043 989 bibitur
1062 916 1128 987 sale
1145 932 1180 986 ct
1196 917 1292 988 melle

214 1026 386 1094 admixto:
413 1049 545 1094 necnon
567 1051 642 1095 cum
672 1026 828 1122 ungula²⁰
845 1028 931 1111 suis,
957 1039 1015 1096 aut
1034 1024 1218 1119 gallinaceo
1237 1023 1291 1093 de·

214 1132 382 1201 coctum²¹
410 1130 583 1214 salubrius.
615 1136 826 1227 Purgationis
861 1157 961 1203 eausa
993 1147 1155 1227 putavere
1194 1130 1293 1225 aliqui

213 1239 419 1333 utramque²²
429 1238 586 1326 dandam,
599 1242 668 1310 sive
680 1266 757 1310 cum
774 1240 885 1309 malva
900 1240 1087 1309 decoctum.
1104 1238 1291 1306 Thoracem

214 1359 381 1439 purgant,
402 1345 502 1414 bilem
520 1345 702 1416 detrabunt
710 1334 745 1434 ²³,
771 1348 829 1421 sed
848 1347 1058 1417 stomachum
1077 1344 1212 1415 laedunt.
1228 1347 1292 1413 Re·

216 1451 323 1545 liquos
343 1477 421 1521 usus
438 1452 587 1527 dicemus
609 1455 675 1523 suis
698 1452 788 1524 loeis.

184 1590 194 1622 1
269 1561 365 1627 XIX.
388 1561 521 1643 Invenit
541 1575 574 1628 et
595 1558 740 1630 Achilles
754 1559 935 1654 discipulus
949 1560 1122 1647 Chironis,
1140 1584 1207 1662 qua
1221 1557 1293 1632 vul·

215 1665 350 1734 neribus
370 1666 580 1755 mederetur,
608 1693 682 1762 quae
702 1668 746 1736 ob
769 1667 803 1736 id
830 1664 1013 1736 Achillees¹
1044 1683 1197 1740 vocatur.
1222 1667 1292 1733 Hac

216 1845 327 1903 ciendos
341 1866 459 1914 menses,
473 1848 502 1906 ἣν
518 1847 550 1902 τὰ
564 1849 683 1920 irrepsisse
697 1851 731 1920 μὴ
821 1869 866 1924 19.
891 1849 959 1904 Alco
981 1850 1076 1922 quidem
1102 1850 1234 1905 solveudoe.
1255 1849 1293 1914 Ω,

215 1927 322 1996 γίνηται.
334 1928 479 1989 Δινοζώςιος
490 1932 531 1982 τὸν
542 1931 635 2001 καρπὸν
647 1931 733 1982 καὶτὰ
778 1932 868 1983 Seren.
883 1949 941 1999 cap.
956 1947 1074 2001 xx1x‚p.
1093 1930 1148 1993 143
1163 1948 1170 1981 τ
1191 1954 1203 1977 ι
1221 1931 1295 2000 Saepe

218 2007 295 2076 peitate
308 2009 332 2059 ἐν
342 2008 398 2080 οἴνῳ
409 2005 496 2062 δοῦναι
509 2013 580 2063 πιεῖν.
600 2036 610 2057 ι
625 2011 732 2062 Mercu·
777 2010 830 2062 cibi
846 2009 948 2080 specie,
962 2007 1029 2061 vitio
1041 2007 1085 2062 vel
1098 2009 1221 2080 corporis
1236 2009 1295 2081 ipso

215 2087 384 2158 rialislsemeu
392 2101 419 2141 et
428 2089 492 2143 solia
504 2089 531 2141 in
543 2089 606 2143 uino
616 2090 732 2144 bibenda
777 2090 888 2142 Potibus
902 2102 948 2143 aut
967 2087 1042 2141 duris
1062 2091 1185 2143 restricta
1205 2108 1296 2142 mora·

215 2169 313 2239 prebe.
326 2193 338 2216 ι
359 2169 394 2221 Et
409 2187 471 2240 pag.
490 2170 546 2238 378
564 2187 570 2221 :
586 2169 731 2232 Δινοζώςιος
777 2170 851 2227 bitur
875 2170 949 2221 alvus
963 2187 970 2221 ε
985 2169 1119 2225 Vincetur
1138 2169 1199 2222 talis
1220 2188 1295 2225 mora

196 2249 294 2316 Ιφΰλὶιιι
320 2249 408 2318 τρίψας
435 2250 458 2300 ἐν
487 2249 555 2319 palan
582 2253 730 2316 προσθεῖναι.
777 2250 897 2320 gramine
915 2249 1084 2312 mercuriali,
1098 2249 1181 2318 Cujus
1200 2267 1296 2320 aquam

216 2327 410 2382 “Mercurialis
430 2327 494 2380 folia
516 2329 581 2380 trita
600 2329 629 2380 in
645 2329 731 2382 linteo
775 2329 967 2383 coutiminimo
977 2345 1038 2380 cum
1050 2329 1130 2380 melle
1139 2329 1293 2382 bibemus.»

221 2407 313 2461 subde.
330 2432 341 2452 n
354 2409 447 2459 Hiran.
775 2411 811 2463 Et
823 2408 904 2479 Apul.
923 2425 981 2478 cap.
996 2425 1113 2470 naxus,
1130 2408 1169 2461 tit.
1184 2427 1196 2461 1
1209 2427 1216 2459 ι
1233 2407 1297 2460 «Ad

257 2487 440 2557 17.Iastillat›it
447 2486 545 2538 auribus
552 2487 731 2553 olidt's.Quum
777 2488 882 2543 ventris
895 2487 1024 2545 duritiam
1036 2506 1043 2540 ε
1053 2487 1172 2541 Herbam
1187 2506 1298 2543 mercu-

215 2567 275 2638 quis
285 2585 318 2619 ex
328 2584 392 2618 aure
405 2567 473 2619 male
485 2566 554 2632 olet,
570 2570 598 2618 ιἰι
609 2573 651 2620 τοῦ
669 2571 731 2629 ὠτὸς
776 2569 872 2622 rialem
885 2586 1000 2639 coques,
1020 2579 1047 2619 et
1061 2569 1152 2620 tritam
1170 2587 1204 2620 ex
1219 2587 1298 2639 passu

216 2647 290 2698 κακὸν
306 2648 370 2709 ὄζει,
385 2645 472 2715 inquit
487 2645 622 2717 Hippocr.
636 2646 670 2700 de
682 2649 730 2701 int.
777 2648 874 2702 dabis:
896 2648 985 2701 statim
1000 2645 1139 2710 detrahet,
1159 2659 1186 2700 et
1197 2661 1299 2702 stoma·

210 2726 311 2779 Affect.
332 2725 373 2778 tit.
392 2724 444 2791 343
467 2724 496 2777 id
516 2725 591 2796 quod
609 2727 733 2798 splenicis
778 2730 857 2782 chum
885 2727 1036 2799 purgabit:
1058 2739 1104 2780 aut
1125 2747 1218 2781 semen
1241 2732 1300 2798 ejus

215 2804 436 2860 accidere—docet.
454 2807 534 2877 Apul.
552 2826 609 2878 cap.
620 2826 733 2874 cxxxn,
779 2810 872 2862 tritum
891 2828 924 2861 ex
939 2826 1016 2879 passo
1030 2805 1108 2873 dato,
1119 2820 1170 2860 etc.
1180 2835 1192 2856 ι
1209 2807 1298 2862 Scrib.

217 2898 238 2938 t.
255 2893 289 2951 4,
310 2885 333 2937 si
352 2903 419 2955 aqua
435 2885 466 2944 iu
484 2904 561 2939 aures
583 2887 731 2952 introierit,
777 2890 854 2958 Larg.
869 2889 966 2960 Comp.
979 2905 1084 2941 cxxxv:
1102 2910 1113 2932 ι
1125 2888 1217 2942 Mollit
1233 2907 1299 2960 ergo

212 2962 250 3019 ad
265 2962 456 3019 extrahendam
466 3005 473 3030 ,
485 2968 651 3028 mercurialis
665 2988 733 3039 quo·
778 2971 867 3022 alvum
887 2969 971 3020 herba
988 2967 1170 3026 mercurialis,
1187 2969 1299 3021 lenibus

214 3062 268 3118 que
280 3065 388 3098 succum
398 3045 516 3099 instillat.
531 3048 622 3100 Hsau.
778 3048 898 3102 oleribus
908 3047 1108 3118 quamplurima
1123 3047 1217 3101 mixta.
1234 3073 1247 3096 a
1262 3048 1299 3103 Η.

260 3129 305 3180 18.
323 3126 467 3196 Epiphoris.
494 3127 671 3181 Fluxionibus
703 3128 732 3180 in
820 3148 863 3181 ιο.
885 3127 995 3198 Ungula.
1011 3124 1084 3180 Pede
1096 3127 1152 3180 suis
1162 3129 1299 3200 salso,qui

217 3218 346 3259 ventrem.
361 3207 431 3260 Dan.
450 3238 490 3248 -·
505 3208 647 3278 Epiphoris.
660 3208 732 3261 Ocu·
778 3227 825 3261 sua
840 3209 974 3280 salsugine
988 3207 1077 3259 alvum
1090 3207 1186 3260 irritat.
1200 3210 1272 3262 Du..

216 3285 305 3337 lorum
320 3284 464 3339 videlieet:
482 3288 656 3357 nequeenim
670 3288 734 3341 alias
821 3307 866 3342 21.
877 3287 1027 3341 Gallinaeeo
1038 3288 1168 3340 decoctum.
1188 3288 1299 3358 Nempe

218 3365 320 3445 ¹Plinius
331 3365 472 3436 intelligit,
484 3367 536 3419 nisi
548 3369 687 3438 speciatim
699 3369 733 3421 si·
778 3369 862 3422 veteri
873 3371 970 3440 ,cujus
978 3367 1115 3438 jusculum
1131 3369 1223 3422 alvum
1232 3369 1300 3422 sub·

215 3445 334 3516 guilicet.
357 3446 545 3518 Dalecampius
558 3449 683 3518 flrwicues
708 3452 734 3499 in
779 3447 944 3502 ducieDm.

214 3537 323 3577 neutram
345 3525 548 3596 interpretatur,
573 3546 627 3599 quo
654 3547 733 3581 sensu
822 3549 865 3581 aa.
887 3528 1026 3599 [Itemque.
1047 3527 1152 3580 Marem
1173 3525 1302 3581 videlicet

216 3624 349 3676 nusquam
361 3623 454 3658 vocem
471 3625 529 3658 eam
545 3608 644 3660 Noster
664 3608 733 3661 acci·
778 3609 967 3678 fenainamque.
986 3606 1076 3661 Hann.

213 3686 265 3756 pit.
282 3684 336 3739 Sed
349 3698 376 3737 et
389 3687 422 3739 ab
434 3685 552 3756 Apuleio
567 3686 732 3757 Lugdunen·
821 3687 1104 3741 nanturiacensem.
1119 3689 1204 3762 {darc
1216 3689 1299 3758 Emp.

216 3766 252 3819 sis
263 3765 384 3819 medicus
396 3766 529 3837 arguitur,
541 3766 582 3820 ita
597 3768 731 3820 scribente
777 3787 835 3838 cap.
847 3787 908 3836 xxx,
921 3787 950 3837 p.
967 3787 1031 3838 ²¹7·
1051 3769 1143 3820 Hann.

217 3846 335 3909 scilieet,
349 3865 407 3917 cap.
422 3865 516 3916 naxus
528 3863 535 3897 :
549 3869 560 3890 «
569 3845 731 3918 Adepipho
816 3848 891 3899 XIX.
905 3868 929 3900 ι.
942 3848 1008 3916 Qun
1017 3849 1047 3900 ob
1059 3848 1087 3900 id
1096 3847 1233 3913 Achilleos,
1246 3859 1299 3900 etc.

215 3944 259 3978 ras
271 3927 413 3981 oculorum
429 3925 546 3979 :Herba
563 3928 728 3980 mercurialis
776 3927 840 3980 Haec
857 3926 973 3980 sideritis
987 3928 1114 3982 Heraclea
1126 3940 1180 3993 est,
1197 3925 1234 3981 de
1245 3946 1301 3998 qua

214 4005 296 4071 totta,
310 4006 414 4078 inquit,
435 4024 496 4059 cum
508 4007 588 4071 aino,
603 4020 653 4059 etc.
665 4034 676 4054 ι
696 4007 729 4060 H.
776 4026 835 4077 cap.
851 4007 895 4061 15.
916 4008 1009 4065 Hune.
