2664 4822
195 365 265 454 524
467 373 506 445 C,
531 370 694 438 PLlNll
720 370 828 438 NA'r.
855 371 984 439 uls'r.

247 506 308 572 IV.
335 505 459 571 Proeter
483 502 546 570 hos
571 502 669 595 graeci
691 514 843 571 auctores
875 503 1046 573 medicinae
1071 506 1264 597 prodidere,

194 620 279 704 quos
294 610 361 678 suis
380 608 461 677 locis
479 607 631 676 diximus.
647 608 699 675 Ex
711 607 763 679 his
777 606 1170 704 Crateuas¹,Dionysius,
1188 614 1266 682 Me··

195 716 368 800 trodorus,
391 715 518 783 ratione
535 711 767 799 blandissima,
786 715 844 784 sed
864 739 930 809 qua
948 714 1031 784 nihil
1046 742 1140 809 paene
1157 716 1266 798 alind,

193 821 294 916 quam
307 822 354 890 rei
369 818 548 890 difficultas
564 817 793 914 intelligutur².
817 822 956 890 Pinxere
978 846 1121 916 namque
1140 823 1268 917 efligies

193 927 393 1011 herbarum,
413 940 513 1019 atque
532 927 578 993 itu
597 926 822 1019 subscripsere
847 926 997 996 effectus.
1012 931 1138 996 Verum
1161 944 1196 997 et
1215 932 1267 1024 pi·

194 1049 290 1104 ctura
309 1030 410 1101 fallax
433 1045 499 1115 est,
527 1046 562 1100 et
579 1030 746 1100 coloribus
765 1046 832 1101 tam
855 1035 1060 1119 numerosis,
1084 1036 1267 1128 praesertim

193 1145 228 1210 in
250 1136 460 1210 emulatione
480 1150 626 1224 noturae,
653 1135 794 1206 multum
831 1137 1012 1233 degenerat
1041 1141 1266 1210 transcriben-

196 1313 292 1361 maticoe
313 1310 376 1360 artis
393 1308 567 1371 doctissimum,
582 1287 645 1377 'quic
661 1325 713 1360 vox
754 1307 859 1376 Pergit:
875 1306 966 1371 «Quot
978 1307 1079 1377 species
1089 1303 1198 1377 lapidis,
1208 1327 1267 1379 quc

196 1390 298 1441 inserts
313 1400 414 1441 temere
424 1388 458 1454 ab
469 1387 660 1457 interpolatore
669 1386 716 1438 nli·
753 1387 879 1451 nomina,
903 1385 983 1457 quive
1004 1387 1122 1450 colores,
1147 1387 1268 1458 Quaeque

200 1487 274 1540 quo,
292 1486 343 1520 nec
359 1466 477 1519 Plinium
493 1467 570 1539 sapit.
584 1467 665 1518 Abest
684 1485 715 1538 ee
754 1465 788 1519 sit
802 1465 843 1517 his
861 1466 948 1535 regio,
970 1466 1012 1516 vel
1031 1479 1138 1537 quanta.
1150 1468 1270 1536 potentie

198 1565 286 1600 sanen
297 1545 373 1600 MSS.
385 1548 466 1616 Regg.
476 1546 555 1599 Colb.
566 1544 658 1597 Chiffl.
671 1545 714 1598 sic
755 1544 851 1615 cuique
867 1563 874 1596 :
898 1545 957 1596 Hoc
976 1563 1043 1615 opus
1061 1563 1208 1616 excerpens
1226 1546 1268 1599 di·

197 1626 296 1688 XXX,
312 1629 328 1678 6
343 1643 351 1678 ε
367 1615 387 1672 ⁸·
404 1624 624 1678 Adulescentibus
638 1625 715 1677 nobis
738 1691 741 1694 Α
754 1642 836 1692 gnum
850 1640 1012 1694 componere
1023 1622 1103 1689 duxi,
1112 1628 1214 1696 Aptum
1226 1645 1270 1696 ge·

197 1708 270 1758 visus
293 1706 384 1777 Apion
406 1705 585 1776 grammaticae
601 1703 684 1766 artis,
700 1729 710 1749 ι
754 1703 831 1770 sumti
854 1703 940 1755 formu
963 1702 1088 1757 breviore
1110 1705 1265 1758 libellum.»

77 1788 94 1840 .’
195 1787 248 1839 hoc
270 1797 322 1851 est,
347 1784 543 1855 grammaticus.
559 1785 594 1837 Et
619 1801 714 1857 supra,
755 1782 791 1832 At
812 1780 945 1834 diversum
960 1782 994 1834 .id
1018 1802 1087 1853 opus
1111 1796 1151 1837 est
1179 1786 1212 1838 ab
1237 1803 1268 1838 eo

196 1866 269 1928 vn,
285 1871 340 1927 40:
359 1890 370 1910 ι
385 1862 574 1935 Grammaticae
586 1862 649 1915 artis
665 1864 715 1915 Da·
755 1859 830 1932 quod
843 1860 878 1913 de
896 1861 1059 1932 simplicium
1081 1864 1222 1920 effectibus
1233 1866 1272 1918 iu·

198 1944 266 2015 phni
281 1944 391 1997 Gnatio.
407 1969 418 1990 ι
433 1943 495 1996 Lib.
505 1943 560 2006 lx,
574 1945 606 1996 8:
622 1942 717 1993 «Amo-
757 1941 886 2012 scriptum
900 1959 956 1993 ersc
969 1940 1078 1996 dicitur.
1099 1942 1185 2013 Hujus
1200 1946 1267 1997 Evo-

178 2088 180 2091 γ
199 2042 262 2077 nem
276 2042 385 2095 quoque
397 2021 577 2075 citharoedicae
588 2022 666 2084 ortis,
679 2022 717 2073 in·
756 2020 793 2072 cis
809 2039 890 2091 opera
907 2021 1025 2073 carmine
1042 2022 1157 2093 elegiaco
1171 2023 1269 2094 scripta

200 2103 321 2156 terficere·
344 2103 432 2155 nautis
455 2102 483 2154 in
510 2101 576 2155 mari
598 2101 716 2173 paranti·
756 2100 848 2152 haberi
863 2100 1089 2165 aiuntFerrnriae‚
1102 2104 1270 2156 autViennc

200 2186 259 2236 bus.
277 2209 288 2230 »
302 2181 395 2240 Hirr.
408 2211 449 2222 —-
461 2181 635 2235 Grammaticis
646 2183 715 2231 artis.
757 2180 886 2244 Austriae,
897 2180 986 2250 inquit
1002 2178 1086 2233 Andr.
1101 2182 1125 2234 T
1127 2182 1272 2253 iraquellue

201 2263 333 2321 Sic'bene
351 2262 410 2317 MS.
428 2260 676 2331 Reg.t,Vossian.
691 2270 717 2310 et
757 2258 804 2312 lib.
822 2258 856 2311 de
875 2259 968 2312 Nobil.
985 2260 1188 2332 c.31‚p.194.
1205 2263 1240 2315 Η.
1275 2304 1279 2310 .

201 2341 286 2395 editio
299 2343 425 2412 princeps
438 2359 444 2392 :
461 2357 548 2411 neque
564 2335 716 2390 addendum
799 2359 825 2391 a.
841 2340 899 2406 Qua
911 2339 974 2390 nihil
981 2359 1052 2408 pcene
1063 2341 1142 2404 aliud,
1153 2361 1225 2413 quam
1237 2345 1272 2395 rei

201 2423 252 2475 fuit
260 2426 373 2492 peritum.
387 2421 473 2473 Bnor.
711 2436 713 2443 ·
757 2416 891 2486 de'fsrculeas
907 2419 1067 2489 intelligatur.
1078 2421 1194 2474 Summae
1210 2441 1272 2492 pro-

242 2502 294 2553 IV.
314 2519 339 2552 1.
354 2501 398 2553 Ea
412 2499 448 2550 lu's
467 2496 599 2560 Cmteoas,
615 2509 666 2548 etc.
684 2498 717 2557 In
758 2497 830 2550 fecto
852 2495 1016 2550 difficultatis
1037 2499 1089 2552 fuit
1110 2513 1137 2552 et
1157 2519 1212 2553 esse
1226 2499 1272 2553 de·

202 2581 419 2635 librishuctenus
441 2576 520 2631 editis
539 2577 576 2628 ita
597 2575 716 2646 legitur:
757 2576 832 2640 buit,
860 2575 922 2628 dum
945 2579 1042 2631 Noster
1067 2597 1098 2631 ea
1129 2579 1271 2650 proderet,

208 2688 219 2709 ι
232 2662 272 2713 Ex
286 2661 328 2712 his
340 2662 413 2712 Evax
425 2676 472 2710 rex
481 2657 613 2716 Arabum,
627 2656 672 2726 qui
683 2653 732 2707 dc'
757 2656 927 2726 plantarum,
943 2669 972 2709 ut
986 2677 1058 2711 nunc
1068 2658 1276 2728 loquimur,ico-

203 2738 366 2811 simplicium
381 2738 521 2790 effectibus
534 2734 567 2787 ad
582 2735 718 2788 Neronem
759 2735 916 2806 nographia.
936 2736 1041 2790 Nostris
1063 2755 1126 2790 vero
1141 2739 1273 2809 tempori·

205 2819 329 2889 scripsit:
342 2817 560 2878 Crateras,etc.»
573 2817 718 2886 interjecta
758 2815 822 2880 bus,
845 2815 956 2868 minime
976 2817 1054 2869 fallax
1080 2819 1208 2888 appellari
1228 2831 1273 2871 ant

207 2901 289 2952 verbe
304 2898 372 2951 nulli
387 2893 491 2950 codices
505 2908 652 2966 agnoscunt
667 2914 726 2957 mit-7
758 2893 844 2948 videri
855 2896 938 2967 possit
951 2897 1081 2964 pictorum
1093 2896 1237 2962 industria,
1251 2898 1275 2948 si

204 2999 242 3031 uu
253 2978 368 3042 exorati,
378 2995 433 3028 non
446 2977 527 3046 uegg.
540 2976 617 3028 Colh.
626 2975 719 3027 Chiffl.
758 2974 817 3044 quis
829 2993 877 3043 per
892 2994 920 3028 se
937 2976 1065 3029 aestimare
1076 2976 1153 3042 velit,
1166 2976 1233 3048 quid
1243 2978 1275 3031 in

205 3059 292 3112 aliive.
314 3055 395 3110 Unde
416 3074 479 3108 vero
493 3074 524 3107 ea
538 3055 592 3107 huc
608 3055 720 3126 irrepse·
759 3054 1283 3128 aemulationenaturae‚crteja1nadab.

205 3139 277 3201 rint,
299 3136 432 3206 conjicere
451 3132 524 3186 haud
544 3134 572 3186 in
592 3147 719 3206 promptu
759 3146 801 3200 tu,
822 3134 960 3187 effecerint
980 3147 1128 3188 nostratum
1152 3137 1274 3206 ingenia,

206 3231 252 3269 est.
264 3215 389 3268 Meminit
400 3214 472 3267 illius
483 3212 656 3274 Merbodeus,
670 3214 718 3264 lib.
760 3231 783 3264 e.
800 3232 824 3283 g.
848 3213 875 3265 in
894 3213 984 3277 Facis,
1005 3215 1100 3282 Fungis
1120 3228 1147 3267 et
1167 3217 1276 3278 Marcis,

206 3295 241 3350 de
253 3295 409 3366 gemmis,f.
427 3298 463 3348 b':
482 3295 581 3346 «Evax
595 3312 642 3345 rex
656 3295 721 3344 Ara·
759 3292 888 3345 extricntu
909 3291 1089 3354 difficillimis,
1114 3295 1149 3346 ob
1175 3296 1277 3366 exigui-

204 3377 287 3440 bum,
303 3376 387 3427 fertur
396 3374 530 3444 scripsisse
539 3373 640 3424 Neroni
649 3372 718 3437 ,Qui
760 3383 839 3424 tatem
853 3373 983 3443 partium3
1006 3386 1035 3425 ut
1048 3373 1171 3427 sileamus
1184 3373 1218 3428 de
1231 3377 1275 3428 Li-

204 3467 265 3526 post
288 3457 436 3524 Augustum
457 3453 577 3522 regnavit
599 3452 627 3503 in
650 3452 716 3504 orbe
762 3450 842 3502 liaceis
852 3485 860 3511 ‚
872 3452 955 3510 limis,
966 3452 1142 3523 plurimisque
1153 3453 1210 3506 aliis
1219 3457 1274 3525 jain

155 3583 157 3586 Α
204 3533 344 3587 secundus.
360 3559 370 3579 ι
386 3532 525 3586 Tiberium
540 3532 621 3602 igitur
631 3532 716 3584 Caesa·
761 3531 883 3583 immensi
896 3531 974 3600 pretii
990 3533 1129 3602 operibus,
1144 3546 1197 3585 tam
1209 3536 1277 3587 vivi-

203 3633 260 3666 rem
272 3613 410 3683 intelligit,
425 3631 485 3664 eum
501 3612 543 3664 cui
562 3624 587 3664 et
602 3611 716 3663 Neronis
761 3608 899 3663 doliorum
907 3611 1006 3666 colore,
1015 3624 1069 3662 tam
1078 3612 1169 3664 nativo
1178 3615 1288 3667 habitu.

204 3707 409 3764 cognomentum
425 3692 490 3754 fnit,
503 3703 530 3744 et
541 3709 646 3744 summa
658 3704 716 3760 post
760 3688 883 3760 depictis,
905 3703 933 3742 ut
955 3691 982 3741 in
1001 3692 1186 3745 herbariorum
1200 3694 1208 3762 l
1222 3695 1276 3745 lier-

157 3818 158 3821 ,
203 3774 358 3844 Augustum
381 3772 534 3843 reipublicae
555 3789 618 3824 cura
643 3789 715 3824 com·
760 3766 926 3830 hiers)vicem
942 3769 1170 3842 succedunt‚qum
1181 3773 1275 3839 Flora,

203 3854 290 3906 missa.
302 3853 382 3915 Hunc
394 3851 496 3905 Plinius
511 3851 646 3903 Neronem
658 3869 717 3901 nus-
762 3850 803 3901 vel
818 3849 895 3900 Horti
902 3889 908 3911 ‚
916 3849 956 3900 vel
970 3851 1154 3921 Monograpbioe
1165 3855 1276 3905 nomine

202 3951 282 4002 quum
296 3946 371 3986 vocat
386 3953 396 3984 ,ε
411 3952 445 3985 ne
459 3932 480 3982 si
494 3931 631 4001 Neronem
648 3927 717 3981 dice·
761 3928 888 3999 pleraque
917 3929 1042 4001 inscripto
1066 3932 1155 4000 priore
1178 3933 1276 3986 abhinc

201 4024 259 4082 ret,
273 4013 407 4067 Domitius
420 4013 493 4067 Nero
510 4010 715 4080 intelligeretur.
761 4008 859 4061 saeculo
874 4008 1009 4079 prodiere.
1022 4011 1073 4063 En.
