2664 4822
202 328 273 417 544
477 335 515 403 C.
541 331 709 402 PLINII
734 330 841 400 NAT.
866 329 998 399 HIST.

200 469 310 560 ipsum
331 465 466 534 auribus
488 466 635 535 infusum
658 478 764 535 tentat
791 478 936 533 mentem
950 447 994 531 ¹⁶:
1013 462 1164 556 mireque
1176 459 1215 550 ¹⁷,
1239 477 1278 532 ut

200 586 318 666 contra
338 597 525 657 venenum,
545 572 691 641 remedia
710 570 889 666 prodidere
902 570 954 638 his
968 571 1025 664 qui
1047 568 1081 637 id
1098 569 1276 656 bibissent,

92 684 107 698 ²
200 694 234 748 et
250 682 359 773 ipsum
375 705 438 774 pro
454 677 608 748 remediis
628 705 636 745 :
656 678 740 746 adeo
754 676 847 746 nullo
858 679 972 746 omnia
985 675 1179 770 experiendi
1192 675 1275 763 fine,

199 799 238 855 ut
259 800 459 880 cogerentur
478 785 577 853 etiam
599 809 728 853 venena
747 783 916 878 prodesse.

166 927 177 960 1
252 894 384 962 XVIII.
407 883 470 979 (v.)
483 892 668 960 Linozostis
681 891 702 974 ¹,
721 892 790 960 sive
811 889 1030 984 parthenion,
1049 889 1211 956 Mercurii
1229 889 1276 955 in·

199 1014 338 1068 ventum
360 1011 427 1082 est,
451 996 524 1065 ideo
546 996 636 1091 apud
662 1000 799 1067 Graecos
819 991 1059 1090 Hermupoan²
1087 992 1185 1063 multi
1216 1020 1274 1062 νο-

200 1120 280 1175 cant
296 1127 389 1189 eam,
411 1103 501 1197 apud
519 1129 581 1173 nos
596 1127 712 1172 omnes
727 1099 964 1172 Mercurialem
973 1089 995 1169 ³.
1015 1103 1095 1170 Duo
1109 1087 1200 1195 ejus⁴
1219 1125 1274 1195 ge·

199 1236 280 1280 nera
301 1209 487 1278 :masculus
502 1199 688 1294 etfamina,
705 1235 779 1305 quae
797 1209 981 1291 efficacior,
1006 1206 1100 1278 caule
1121 1206 1276 1293 cubitali,
1315 1273 1317 1277 .

200 1316 367 1386 interdum
380 1341 514 1398 ramoso
526 1319 560 1384 in
575 1319 764 1403 cacumine,
783 1317 893 1385 ocimo
909 1314 1155 1410 angustioribus
1170 1312 1275 1396 foliis,

197 1422 358 1519 geniculis
379 1423 508 1510 densis,
537 1409 687 1491 alarum⁵
707 1424 811 1529 cavis,
822 1421 951 1509 multis,
981 1421 1106 1490 semine
1128 1421 1163 1489 in
1183 1421 1275 1514 geni·

240 1612 286 1663 16.
301 1608 412 1660 Auribus
431 1609 536 1676 infusum
555 1619 633 1659 tentat
646 1596 725 1659 meus
799 1609 826 1663 3.
842 1607 1019 1661 Mercurialem.
1036 1605 1177 1677 Hodieque
1198 1604 1275 1658 nohis

197 1703 251 1743 tem.
263 1686 376 1741 Prodest
390 1688 609 1751 auribus‚meuti
621 1700 709 1742 nocet.
757 1685 858 1741 dicitur
883 1688 1038 1759 Mercurialis
1059 1706 1140 1738 annua
1167 1675 1275 1753 (Dioec.

197 1770 282 1840 Apul.
304 1786 361 1840 cap.
379 1787 419 1830 ιν,
441 1767 475 1821 de
497 1767 710 1839 symphoniaca,
757 1769 876 1821 euueaud.
891 1786 952 1838 gen.
966 1769 1044 1830 2254
1059 1767 1132 1819 Pers.
1146 1765 1273 1836 Euphord.

198 1851 252 1903 sive
267 1849 445 1919 hyoscyamo,
466 1848 507 1901 tit.
526 1866 537 1900 1
555 1866 561 1900 :
579 1874 590 1895 α
608 1847 653 1900 Ad
665 1866 710 1900 au·
757 1845 910 1911 Juss.).·1n
926 1846 1004 1900 cultis
1023 1865 1053 1898 ac
1068 1844 1201 1899 ruderatis
1222 1847 1274 1898 fre·

197 1931 269 1982 rium
293 1926 416 1980 dolorem
433 1945 440 1980 τ
456 1928 554 1980 Herbae
582 1928 711 2001 sympho·
757 1927 967 1998 quens-Planta
987 1927 1099 1978 Linnaeo
1123 1925 1219 1991 dubia3
1248 1926 1274 1979 vi

193 2010 281 2062 'niacae
295 2027 390 2062 succus
409 2008 555 2079 tepefactus
576 2027 637 2060 cum
652 2008 712 2061 oleo
756 2007 921 2078 hypnotica,
935 2018 1069 2077 purgante
1079 2004 1211 2076 gaudens;
1229 2025 1273 2059 co·

197 2108 319 2153 rosaceo,
342 2103 368 2142 et
387 2089 414 2140 in
440 2107 532 2140 aurem
554 2089 713 2154 instillatus,
758 2088 883 2151 metica,
902 2106 960 2139 non
972 2085 1123 2150 emolliens,
1136 2085 1274 2138 etcdnti·

198 2171 304 2223 aurium
318 2169 442 2224 dolorem
457 2168 570 2221 mirifice
585 2167 673 2220 tollit:
687 2180 713 2220 et
758 2169 817 2238 quis
834 2169 938 2220 olerum
959 2167 1020 2219 loco
1043 2166 1204 2218 habebatur.
1222 2164 1272 2220 Sed
1319 2201 1321 2205 -

198 2252 220 2303 si
244 2268 347 2303 vermes
375 2249 495 2310 fuerint,
524 2259 602 2300 necat
627 2265 681 2299 eos.
698 2272 709 2292 n
759 2249 816 2319 ejus
827 2246 899 2318 apud
909 2265 959 2299 nos
971 2265 1032 2299 usus
1044 2248 1149 2299 rariort.
1161 2247 1214 2297 En.

199 2330 294 2397 Hanu.
801 2335 827 2391 4.
846 2329 962 2398 Duoejus
971 2327 1146 2396 genera.Haec
1161 2323 1275 2377 totidem

243 2428 289 2479 17.
305 2408 423 2477 Mireque.
435 2407 536 2459 Mirum
549 2418 589 2458 est
601 2425 615 2458 a
629 2404 714 2458 medi·
758 2407 849 2460 verbis
859 2407 953 2467 ,Dioso
969 2408 989 2460 l.
1009 2425 1033 2460 c.
1051 2405 1145 2458 Hann.
1166 2437 1207 2446 -
1219 2405 1275 2457 Ma·

198 2491 254 2555 eis,
269 2501 396 2558 tanquam
406 2499 499 2540 contra
514 2479 616 2538 uenena
627 2505 715 2538 reme·
758 2487 837 2538 scalas
851 2498 875 2537 et
881 2487 985 2552 femina.
996 2487 1129 2540 Masculus
1138 2524 1146 2548 ,
1155 2497 1194 2537 est
1205 2485 1274 2537 Mer·

198 2569 243 2623 dia
267 2567 354 2633 tradi,
380 2568 413 2619 ab
437 2566 470 2618 iis
495 2564 643 2631 sumenda,
668 2565 714 2636 qui
759 2566 867 2620 curialis
885 2566 1049 2630 testiculata;
1074 2565 1188 2629 femina,
1203 2566 1273 2616 Mer·

197 2651 396 2721 hyoscyamum
408 2646 540 2699 bibissent
553 2663 559 2696 :
573 2657 642 2698 etex
655 2645 714 2716 ipso
759 2646 866 2700 curialis
882 2647 997 2716 spicata,
1008 2647 1087 2716 Casp.
1101 2644 1186 2696 Bauh.
1198 2646 1273 2698 Brot.
1293 2669 1296 2673 ²

199 2729 277 2783 simul
289 2729 454 2799 hyoscyamo
466 2723 584 2779 remedia
600 2725 664 2796 peti.
680 2726 714 2778 Η.
759 2758 800 2767 -
813 2726 900 2778 Immo
913 2726 1106 2779 recentioribus
1126 2725 1211 2794 probe
1223 2743 1272 2777 no·

198 2842 239 2852 -·
250 2809 373 2879 Mireque,
389 2819 439 2860 etc.
456 2808 517 2859 Vct.
533 2804 606 2875 apud
622 2807 714 2860 Dalec.
760 2819 817 2860 tum
833 2807 1019 2859 mercurialem
1031 2805 1277 2859 testiculatamvere

199 2894 337 2960 miramque.
354 2890 405 2940 Eu.
739 2886 888 2939 'feminam
905 2905 959 2938 esse
974 2905 1034 2957 quae
1054 2886 1171 2938 fructum
1191 2884 1272 2937 ferat:

238 2969 344 3022 XVIII.
366 2966 547 3020 rhinocerus.
564 2965 652 3019 Diosc.
662 2967 714 3033 IV,
759 2967 887 3038 spicatum
913 2985 976 3019 vero
998 2985 1113 3029 marem,
1139 2981 1199 3035 quaa
1223 2976 1273 3016 sta-

202 3066 276 3117 191:
299 3049 457 3107 Λινόζωστις,
483 3047 503 3097 αἱ
529 3040 559 3097 de*
576 3047 715 3117 παρθένιον,
760 3047 840 3101 mina.
860 3046 959 3098 Similis
983 3044 1056 3116 apud
1078 3058 1182 3097 veteres
1198 3044 1273 3096 bota-

197 3131 220 3181 'oi
234 3124 264 3181 dl
275 3117 355 3198 Ἑρμοῦ
371 3130 483 3193 βατάνιον
498 3132 622 3178 καλοῦσιν.
635 3127 670 3178 Et
686 3126 714 3179 in
758 3127 834 3179 nicos
847 3126 1070 3178 nomenclationis
1082 3143 1158 3178 error
1171 3123 1200 3177 in
1216 3142 1273 3176 can-

198 3208 318 3260 Nothis:
336 3197 444 3277 ῥωμαῑοι
460 3204 520 3276 ipio
538 3207 713 3275 Μερααυρίαλις
758 3207 822 3258 nabi
838 3206 993 3277 caeterisque
1007 3206 1101 3269 dioeris,
1116 3216 1145 3257 ut
1158 3216 1273 3266 vocant,

198 3289 337 3358 μάσαουλα,
357 3286 545 3339 Mercurialem
573 3286 656 3342 Galli,
684 3299 714 3338 ut
758 3286 1040 3357 plantis,priusquam
1054 3282 1272 3338 seausdifseren·

197 3368 303 3432 Latini,
324 3367 456 3426 vocitant,
481 3367 629 3418 mercuriale.
641 3365 713 3419 Vide
758 3367 793 3418 tia
807 3366 877 3419 hene
892 3366 1050 3420 innotuerit.
1065 3366 1119 3418 En.

196 3449 304 3500 iconem
322 3447 402 3499 maris
416 3465 446 3498 ac
459 3445 565 3498 feminae
577 3443 649 3516 apud
661 3447 712 3498 Lo·
800 3446 1048 3500 5.Alurum.Diosc.
1062 3445 1196 3512 μασχάλας
1213 3450 1272 3496 παλ·

196 3527 299 3580 helium
320 3527 348 3579 in
364 3525 711 3579 Ohss.131.Vidimusin
755 3525 818 3591 λὰς,
841 3527 936 3586 πυκνὰς
962 3528 1062 3594 ἔχοντα.
1086 3526 1134 3599 Ala
1162 3523 1273 3596 proprie

196 3608 277 3662 horto
291 3605 386 3677 Regio.
402 3607 494 3658 Haut).
674 3618 678 3625 “
755 3625 817 3676 pars
834 3619 873 3658 est
893 3606 1010 3658 hominis
1031 3622 1163 3668 concava,
1181 3605 1271 3655 subter

239 3708 264 3742 a.
278 3687 443 3757 Hermupoan.
456 3674 537 3755 lippari
548 3675 624 3755 ardu(
632 3686 710 3751 βοτά·
755 3685 915 3750 brachium,
939 3704 1000 3756 quae
1024 3682 1269 3738 et‘axilladicitur.

195 3787 243 3821 νιαν
255 3768 345 3821 Diosc.
360 3767 413 3819 En.
422 3760 443 3830 ),
464 3764 493 3816 id
509 3778 563 3825 est,
580 3766 709 3818 Mercurii
756 3765 799 3818 ud
809 3766 890 3838 hujus
900 3763 1120 3823 similitudinem.
1141 3763 1169 3816 in
1182 3763 1271 3816 herbis

194 3848 277 3902 herba
291 3867 297 3900 :
310 3847 706 3921 quosensuetllcrmubotane,
755 3846 793 3897 ule
804 3885 812 3910 ,
824 3865 885 3916 quae
904 3841 1005 3898 Graccis
1020 3846 1154 3916 μασχάλη,
1171 3841 1270 3915 signifi·

194 3918 274 4000 Ἑρμοῦ
303 3927 413 3994 βοτάνη,
440 3927 472 3978 ab
488 3926 601 3996 Apuleio
628 3926 708 3979 etiam
754 3924 1011 3987 animamillam,
1029 3923 1269 3986 intercaulem,et

195 4009 426 4081 appellatur,cap.
443 4006 652 4060 1.xxx11.Hann.
753 4005 886 4071 ramulos,
910 4006 1077 4059 anfractum:
1103 4001 1181 4056 unde
1199 4019 1268 4055 nora
