2664 4822
449 366 606 433 LIBER
633 365 756 432 XXV.
1069 360 1138 448 545

59 481 164 567 culis⁶
185 495 421 591 dependente:
442 496 573 566 feminae
594 499 749 593 copioso,
775 497 866 564 mari
875 496 971 590 juxta
985 483 1140 591 genicula

60 619 191 682 stante,
209 605 326 673 rariori
345 629 384 673 ac
399 603 752 698 brevi⁷,contortoque
764 588 797 670 8τ
816 602 964 689 feminae,
983 604 1092 674 soluto
1106 620 1141 675 et

60 710 215 780 candido.
228 709 319 780 Folia
332 710 479 780 maribus
490 710 654 805 nigriora,
671 710 800 779 feminis
810 709 1003 779 candidiora
1021 711 1137 781 :radix
1157 750 1173 780 α

60 842 284 911 supervacua,
301 819 489 911 praetenuis.
506 821 700 888 Nascuntur
718 818 751 884 in
773 817 1014 910 campestribus
1032 817 1138 888 cultis.

60 923 207 991 Mirum⁹
228 938 295 1008 est,
319 923 410 1017 quod
436 923 477 992 de
504 939 647 1018 utroque
669 948 784 992 eorum
814 948 934 1017 genere
960 923 1137 1016 proditur:

61 1043 98 1097 ut
113 1055 225 1099 mares
244 1032 433 1124 gignantur,
451 1031 542 1100 hunc
566 1030 698 1115 facere3
718 1045 756 1098 ut
773 1029 919 1115 feminae,
939 1028 1039 1099 illam.
1064 1034 1138 1101 Hoc

62 1135 308 1231 contingere¹⁰‚
331 1138 357 1205 si
379 1162 399 1204 a
421 1153 584 1232 conceptu
615 1161 733 1206 succus
760 1136 913 1229 protinus¹
941 1136 1076 1205 bibatur
1103 1139 1137 1205 in

61 1267 176 1336 passu,
193 1241 378 1311 edanturve
393 1241 477 1311 lolia·
492 1243 631 1313 decocta
649 1267 689 1311 ex
708 1240 782 1310 oleo
802 1256 836 1310 et
852 1241 937 1327 sale,
966 1243 1019 1312 vel
1035 1243 1138 1312 cruda

61 1372 100 1417 ex
129 1364 237 1419 aceto
261 1348 407 1438 Quidam
433 1349 626 1444 decoquunt
654 1374 728 1418 earn
759 1350 793 1416 in
824 1374 913 1418 novo
943 1349 1037 1418 fictili
1060 1376 1137 1420 cum

13 1512 17 1514 ,
61 1454 279 1550 heliotropi0,
308 1471 342 1524 et
373 1455 502 1525 duabus
526 1471 584 1551 aut
611 1456 717 1525 tribus
752 1457 870 1550 spicis,
899 1456 1006 1525 donec
1040 1456 1139 1526 deco·

61 1577 194 1655 quatur.
209 1561 504 1632 Decoctum¹¹dari
517 1564 650 1657 jubent,
669 1577 703 1660 et
720 1563 859 1631 herbam
873 1564 977 1662 ipsam
998 1565 1032 1631 in
1047 1564 1141 1650 cibo,

61 1668 167 1738 altero
182 1669 236 1738 die
249 1671 456 1764 purgationis
478 1669 672 1738 mulieribus
687 1695 747 1762 per
768 1668 933 1755 triduum,
950 1684 1069 1762 quarto
1088 1670 1141 1740 die

61 1774 221 1845 abalneo
251 1778 340 1846 coire
357 1802 421 1846 eas.
444 1774 695 1872 Hippocrates¹²
715 1777 805 1844 miris
826 1775 979 1844 laudibus
1008 1778 1040 1844 in
1067 1803 1140 1844 mu·

60 1880 180 1950 lierum
204 1908 266 1952 usu
312 1883 479 1952 radicavit
497 1884 557 1952 has
576 1910 583 1952 :
605 1883 648 1951 ad
669 1883 760 1950 bunc
777 1882 1140 1952 modumnredicorum

60 2014 161 2070 nemo
179 1989 289 2058 novit¹
308 2039 316 2055 .
333 1989 393 2058 llle
411 2015 466 2058 eas
484 1977 710 2059 vulvae¹⁶cum
729 1987 843 2072 melle,
858 1987 911 2056 vel
922 2013 1073 2074 rosaceo,
1087 1989 1140 2059 vel
1159 2010 1175 2062 3

61 2097 172 2181 irino,
204 2095 257 2164 vel
280 2094 378 2165 lirino
393 2097 543 2165 admovit
565 2122 572 2164 :
594 2099 673 2164 item
695 2095 737 2163 ad
755 2095 889 2163 ciendos
912 2082 1071 2164 ntenses¹⁵
1091 2121 1140 2165 se·

61 2203 265 2297 cundasqu'e‘.
279 2207 353 2299 Hoc
367 2202 453 2271 idem
470 2218 628 2296 praestare
639 2188 662 2226 ¹⁶
677 2216 760 2296 potu
775 2201 913 2295 fotuque
928 2201 1018 2270 dixit.
1034 2201 1142 2271 Instil-

60 2347 152 2418 proles
164 2344 310 2418 egreditur.
330 2348 363 2399 In
382 2348 511 2400 arborum
532 2368 577 2400 ra·
624 2360 644 2399 t.
663 2349 709 2411 82,
722 2366 781 2418 pag.
797 2345 871 2410 465:
888 2359 909 2399 t.
924 2345 979 2411 85,
995 2365 1054 2416 pag.
1066 2348 1121 2410 468
1134 2324 1152 2412 ’.

59 2427 111 2479 mis
137 2445 201 2497 pars
227 2425 382 2479 eorumdem
410 2444 492 2489 cava,
524 2447 577 2497 qua
623 2440 673 2480 etc.
689 2427 749 2478 Lib.
761 2426 794 2478 de
805 2427 865 2478 Nat.
878 2427 944 2478 mul.
957 2440 977 2478 t.
991 2429 1055 2496 8‚p.
1071 2428 1140 2492 3643
1213 2439 1215 2442 ⁴

61 2508 143 2559 matri
156 2506 354 2559 adhaerescunt:
364 2507 392 2559 in
403 2525 456 2578 qua
466 2518 493 2558 et
505 2507 578 2578 gigni
624 2519 643 2558 t.
663 2524 710 2562 11,
726 2525 757 2576 p.
777 2504 851 2570 3665
864 2518 884 2558 t.
900 2507 933 2558 18
944 2545 952 2571 ‚
962 2518 990 2576 p.
1003 2507 1072 2576 371,
1088 2519 1141 2560 etc.

59 2585 211 2658 aliquando
227 2587 330 2640 viscum
349 2587 500 2657 fungosque
514 2605 579 2640 con-

53 2667 148 2736 tingit.
161 2666 252 2719 Hsnn.

102 2751 130 2799 6.
146 2743 242 2798 Scmine
258 2749 283 2798 in
290 2747 417 2816 geniculis.
430 2747 452 2799 E
467 2747 524 2800 sinu
538 2748 580 2801 lo·

59 2826 160 2878 liorum
177 2826 353 2896 dependente.
366 2825 458 2880 Hiar).

102 2925 128 2976 7.
148 2907 233 2958 Brevi.
252 2907 285 2958 ln
306 2907 420 2958 formam
441 2907 578 2961 testiculo·

60 3004 138 3050 rum,
151 2987 235 3056 ὥσπερ
247 2983 361 3056 baldea,
376 2987 466 3057 inquit
485 2988 577 3040 Diosc.

14 3134 17 3140 ῃ
61 3064 136 3119 unde
150 3079 177 3118 et
189 3066 363 3119 testiculatam
378 3067 467 3120 Latini
479 3087 581 3121 mercu-

60 3146 157 3198 rialem
172 3144 278 3212 dixere,
292 3146 327 3200 ut'
336 3160 428 3200 auctor
445 3160 484 3200 est
498 3149 580 3218 Apul.

61 3245 84 3279 c.
96 3244 205 3279 exxxn.
219 3226 313 3279 Hsan.

103 3306 315 3378 scamnoque.
329 3307 430 3372 Parvo,
444 3306 579 3372 rotundo,

63 3384 181 3438 duorum
195 3387 383 3440 testiculorum
398 3387 493 3459 figura.
510 3389 578 3440 Dur..

102 3485 139 3540 9.
150 3465 249 3518 Mirum.
268 3467 327 3520 Hoc
346 3466 447 3538 pariter
457 3468 577 3520 Dioscor.

64 3543 176 3598 totidem
193 3546 297 3609 verbis,
312 3549 329 3599 1.
342 3564 366 3598 c.
381 3546 474 3600 Hsun.

106 3643 149 3678 ιο.
163 3626 218 3677 Hoc
228 3629 372 3697 contingere,
383 3631 406 3678 si
413 3663 420 3684 ,
433 3640 482 3680 etc.
490 3628 577 3680 Diosc.

65 3702 116 3756 loc.
131 3705 177 3756 cit.
195 3706 286 3760 Hsan.

109 3802 153 3837 11.
170 3785 302 3842 Decoctum
324 3780 380 3838 dari
394 3787 502 3857 jubent,
530 3789 591 3840 ete.

69 3861 214 3918 Dioscorid.
231 3866 285 3922 loc.
298 3867 371 3921 citat.
386 3867 478 3919 Hero.

112 3962 153 3996 η.
170 3945 339 4017 Hippocrates.
351 3949 391 4000 De
402 3946 493 4000 Morb.
510 3947 578 3998 mul.

10 4110 12 4123 ι
74 4019 598 4110 ι,ι.σ3,ρ.455;ι·71,ι)·46η

624 2586 684 2639 Lib.
700 2588 727 2637 11
741 2585 774 2638 de
785 2586 904 2651 Morbis,
919 2598 937 2638 t.
957 2604 1004 2647 12,
1016 2605 1076 2657 pag.
1090 2587 1143 2653 43,

625 2667 783 2718 etc.Hsuu.

667 2745 712 2798 13.
722 2745 871 2798 Medicorum
878 2766 947 2797 nemo
954 2749 1027 2796 nouit.
1038 2746 1142 2800 Plinius

623 2826 674 2878 bac
689 2825 717 2876 in
732 2844 761 2878 re
781 2844 809 2877 se
825 2844 921 2895 parum
939 2824 1078 2878 medicinae
1094 2845 1143 2898 pe·

623 2907 706 2959 ritum
728 2905 860 2971 ostendit,
881 2905 929 2975 qui
950 2924 1088 2977 pessorum
1109 2905 1141 2959 ad

624 2984 757 3057 ejusmodi
783 2985 851 3037 mala
868 2985 973 3037 utilium
996 2986 1142 3039 confectio·

625 3084 687 3118 nem
701 3065 872 3136 ignoraverit.
892 3065 959 3116 Due.
981 3096 1020 3107 -
1033 3066 1143 3118 Medico-

625 3166 685 3198 rum.
704 3145 799 3216 Carpit
820 3146 868 3196 aevi
884 3145 924 3197 sui
941 3144 1068 3198 medicos.
1084 3147 1143 3199 No·

625 3239 677 3280 stra
695 3226 773 3278 etiarn
796 3236 870 3277 aetate
890 3226 1040 3278 mercuriali
1060 3237 1143 3279 utun·

625 3320 670 3360 tur
683 3305 712 3357 in
728 3305 817 3376 pessis.
830 3302 920 3356 Henn.

669 3392 715 3456 rii.
730 3386 824 3438 Vulva.
837 3385 996 3437 Suffocanti.
1012 3387 1080 3438 Der..

668 3464 712 3518 15.
722 3467 783 3518 Item
795 3466 830 3516 ad
839 3465 935 3517 ciendos
947 3484 1044 3518 menses.
1056 3466 1137 3537 Apul.

625 3559 844 3616 cap.exxx11‚t.
860 3566 873 3597 2
892 3563 900 3600 t
920 3570 931 3592 ι
945 3538 988 3596 A‘d
1005 3559 1140 3597 menstrua

624 3624 740 3679 cienda:
767 3627 856 3679 Herba
883 3625 1049 3677 mercurialis
1076 3643 1137 3676 cum

625 3706 685 3758 oleo
710 3706 781 3758 irino
811 3706 852 3758 vel
868 3709 983 3757 'rosaceo
1012 3704 1139 3767 admota,

624 3806 686 3839 mox
714 3797 846 3856 provocat
877 3787 1032 3854 sanguinem
1068 3801 1140 3835 rnen·

625 3879 736 3919 strnnm.
757 3891 767 3912 r·
786 3867 878 3918 Henn.
1113 3880 1114 3884 ’

668 3951 711 4000 16.
721 3947 777 3997 Hoc
788 3946 849 3996 rilem
858 3956 986 4015 prestare.
997 3942 1079 4014 Hipp·
1090 3942 1138 3996 lib.

624 4025 659 4079 de
674 4027 736 4079 Nat.
752 4026 818 4078 mul.
838 4038 856 4076 t.
877 4043 924 4093 29,
942 4024 1006 4094 pag.v
1022 4024 1090 4094 377,
1105 4021 1140 4076 ad
1189 4027 1198 4037 '
