2664 4822
213 396 282 469 556
479 396 519 464 C
546 395 713 464 PLINII
738 394 846 463 ΝΑΤ.
873 395 1001 462 HIST.

208 530 295 601 tollit
319 554 396 599 cum
428 528 572 622 squamis
595 529 669 595 aeris
691 541 725 596 et
751 525 965 596 sandaracha.
990 523 1298 656 Hydropicorumt

208 638 318 707 ventri
337 636 522 731 imponitur
535 658 611 702 cum
626 632 733 702 farina
745 630 932 702 hordeacea
947 647 981 700 et
991 633 1083 702 vino
1098 620 1280 703 Pecorum⁸
1317 710 1321 716 ‚

207 744 491 838 adjumentorum
518 741 653 834 pituitas
682 754 796 826 sanat,
830 737 965 808 surculo
988 763 1049 834 per
1076 763 1192 809 aurern
1216 754 1280 809 tra·

205 853 313 943 jecto,
348 864 382 918 et
414 860 549 942 postero
579 845 633 914 die
669 845 784 914 eadem
816 845 902 915 bora
930 859 1097 940 exempto.
1128 846 1280 923 Scabiem

204 954 458 1051 quadrupedum
488 976 566 1021 cum
593 951 692 1020 thure
720 966 778 1066 aut
804 975 904 1036 cera,
930 975 969 1020 ac
994 953 1090 1046 pice,
1121 951 1176 1020 vel
1205 977 1281 1022 cum

203 1059 385 1159 pisselaeol
1238 1119 1260 1127 ,,

170 1206 181 1238 ι
257 1170 389 1237 XXIII.
410 1165 532 1235 Album
547 1163 730 1260 optimum¹
738 1215 747 1249 ,
767 1165 858 1259 quod
876 1163 1047 1233 celerrime
1062 1179 1179 1234 movet
1193 1180 1278 1235 ster·

203 1289 363 1344 numenta
384 1299 393 1341 ε
416 1273 474 1341 sed
492 1270 635 1340 multum
654 1270 834 1341 terribilius
849 1272 961 1365 nigro,
983 1272 1150 1365 praecipue
1165 1273 1193 1340 si
1207 1275 1281 1366 quis

201 1396 400 1478 apparatum
420 1394 619 1474 poturorum
643 1378 734 1471 apud
757 1379 915 1472 antiquos
934 1375 1040 1475 legat,
1065 1392 1185 1447 contra
1204 1377 1283 1448 hor·

204 1513 317 1571 rores,
345 1484 857 1580 strangulatus,intempestivas
876 1485 984 1552 somni
999 1485 1103 1570 vires,
1119 1482 1285 1579 singultus

111 1580 114 1589 ³
204 1595 352 1681 infinitos
367 1607 426 1660 aut
444 1605 689 1674 sternumenta,
712 1589 876 1659 stomachi
895 1589 1148 1677 dissolutiones,
1165 1591 1286 1660 tardio

205 1727 259 1771 res
285 1701 431 1769 vomitus
453 1712 513 1765 aut
535 1696 720 1790 longiores,
744 1697 880 1791 exiguos
907 1694 966 1766 aut
992 1698 1122 1766 nimios.
1149 1698 1285 1793 Quippe

206 1807 270 1875 arlia
300 1806 380 1875 dare
404 1802 506 1888 soliti,
529 1828 603 1897 quae
634 1804 842 1873 concitarent
863 1804 1084 1889 vomitiones,
1107 1805 1286 1898 ipsumque

106 1994 109 2002 Ι
208 1913 393 1982 elleborum
429 1910 641 1979 extraherent
674 1910 941 1997 medicamentis,
969 1924 1027 1978 aut
1061 1908 1285 2003 clysteribus:

119 2013 122 2019 ’
209 2044 296 2113 saepe
326 2020 426 2088 etiam
458 2017 619 2110 sanguine
646 2019 739 2085 venis
760 2017 889 2086 emisso.
917 2019 991 2084 Jarn
1024 2040 1105 2084 vero
1125 2030 1160 2087 et
1180 2042 1287 2112 quum

209 2151 372 2222 prospere
392 2123 506 2208 cedat,
528 2121 666 2190 terribili
692 2125 785 2209 visu,
816 2123 914 2191 variis
938 2121 1107 2191 coloribus
1126 2124 1287 2192 vomitio-

211 2258 314 2319 num,
338 2247 372 2299 et
390 2243 467 2326 post
484 2229 683 2296 vomitiones
711 2228 944 2297 observatione
972 2227 1055 2311 alvi,
1080 2228 1288 2298 balinearum

212 2337 457 2438 dispensatione
465 2331 488 2420 ²,
508 2335 610 2401 totius
634 2336 786 2428 corporis
811 2358 907 2420 cura,
934 2333 1152 2404 antecedente
1173 2337 1288 2406 omnia

214 2538 266 2600 IV,
284 2535 356 2590 1'51:
371 2535 492 2603 Σύριγγας
507 2528 537 2586 dl
556 2533 665 2603 καθαίρει
682 2551 729 2585 κα·
773 2531 874 2597 Plinio,
899 2545 930 2585 ut
946 2534 1100 2588 monuimus
1117 2535 1226 2601 XXIV,
1245 2554 1289 2600 ιι,

216 2615 316 2679 ταθεὶς,
342 2615 385 2667 καὶ
405 2613 471 2684 μετὰ
489 2613 572 2684 τρίτην
592 2612 728 2684 ἐξευρεθείς.
774 2612 914 2684 pisselaeon
925 2625 973 2665 est.
988 2613 1080 2666 Iliun.

220 2724 232 2744 .
247 2695 361 2748 Fistnlus
381 2691 496 2745 inditum
522 2710 553 2745 ac
582 2692 659 2745 tertia
686 2691 730 2746 die
815 2692 924 2745 XXIII.
945 2708 968 2744 r.
987 2693 1079 2745 Album
1093 2696 1223 2763 optimum,
1238 2707 1290 2748 etc.

217 2786 372 2845 exemptum
382 2784 485 2843 purgat.
499 2797 511 2819 ι
531 2772 621 2825 Hanc.
774 2772 864 2824 Diosc.
877 2773 928 2836 IV,
945 2771 1008 2825 150.
1022 2771 1192 2845 ll.-Sr'quis
1204 2794 1291 2846 appar.

260 2874 288 2924 7.
300 2850 633 2923 Hydropicorumll'otidem
644 2852 731 2905 verbis
775 2853 817 2904 De
831 2851 941 2922 antiquo
956 2852 1106 2906 elleborum
1120 2852 1291 2925 properandi

220 2935 308 2988 Diosc
324 2935 387 2985 Eue
399 2932 441 2994 11,
456 2932 503 2984 6⁵.
515 2932 604 2984 Hiran.
776 2928 868 2995 ruodo,
882 2931 919 2984 ita
929 2943 960 2982 ut
972 2932 1099 2986 horrores
1109 2951 1292 3003 praecaveren-

264 3016 288 3067 8.
302 3012 428 3064 Pecorum.
440 3011 503 3062 Vim
518 3031 628 3064 omnmo
628 3029 733 3086 parem
779 3025 834 3073 tur,
848 3023 875 3062 et
890 3012 1081 3081 strangulatus,
1095 3023 1144 3065 etc.
1159 3031 1294 3083 quemre·

223 3113 253 3146 ac
273 3092 406 3162 geminam
426 3090 587 3161 consiliginis
598 3089 702 3142 radici'
696 3108 735 3141 in·
779 3088 1204 3145 centioreemedicielleborismum
1219 3091 1293 3148 dixe·

224 3175 304 3226 lenus
314 3171 452 3238 attribuit,
466 3170 575 3231 XXVI,
590 3187 634 3221 αι.
643 3170 734 3222 Iliun.
780 3189 820 3234 re,
832 3169 866 3222 cf
877 3170 942 3224 Exc.
952 3169 1012 3223 Iad
1021 3170 1068 3225 fin.
1080 3172 1137 3242 huj.
1145 3159 1193 3224 lib.
1204 3173 1258 3225 En.

266 3250 438 3320 pSeabiem
470 3249 648 3345 quadrupedum
683 3267 736 3299 cum
823 3271 849 3303 a.
863 3249 1020 3302 Balinearum
1032 3248 1217 3322 dispematabnc.
1230 3253 1292 3306 Lib.

226 3330 737 3400 itureamcera,acp1ce,vatcumptsse-
782 3331 832 3393 IV,
846 3330 1001 3400 Apborism.
1019 3330 1062 3390 13,
1082 3339 1128 3395 14,
1147 3331 1193 3397 1⁵,
1209 3331 1294 3403 Hipp.

227 3414 280 3464 tao.
293 3409 407 3474 Scribe,
421 3422 452 3461 ut
471 3423 532 3463 ante
552 3409 645 3461 monui
658 3408 738 3459 cedre-
780 3408 931 3462 humectari
940 3408 1014 3480 prius
1024 3408 1139 3482 corpora
1149 3429 1243 3464 eornm
1253 3414 1294 3485 ju·

227 3493 280 3544 loeo.
310 3487 478 3542 Dioscorides
498 3488 544 3540 lib.
573 3489 633 3540 IV:
653 3489 737 3540 «Sea·
781 3489 1078 3560 bet,quiveratronon
1092 3491 1295 3564 facilepurgen·

227 3572 299 3624 biem
312 3580 386 3621 sanat
401 3569 499 3621 illitum
516 3585 577 3620 cum
593 3567 673 3620 thure
692 3580 738 3619 aut
781 3567 923 3638 tur:quod
930 3568 1031 3639 optime
1041 3569 1073 3622 fit
1081 3570 1293 3641 balneo,quiete,

228 3670 288 3704 cera
317 3661 345 3701 et
372 3647 433 3719 pice
458 3659 484 3699 et
505 3647 615 3700 cedrino
640 3647 707 3700 oleo.
724 3672 735 3693 ι
783 3647 904 3716 pleniore
917 3647 987 3701 cibo.
999 3649 1127 3701 Balneum
1143 3650 1224 3705 ctiam
1234 3670 1293 3724 pro·

229 3733 308 3784 Prnr.
317 3727 487 3781 -Scabr'em
499 3727 588 3779 Dione
602 3727 652 3790 IV,
667 3726 736 3780 151·
784 3725 841 3779 dest
854 3727 882 3779 ln
892 3728 1064 3781 convulsione
1077 3730 1111 3782 ab
1123 3730 1243 3784 elleboro
1253 3749 1294 3783 ex·

228 3811 364 3880 Θεραπιυει
377 3803 407 3860 dl
419 3826 461 3860 και
479 3806 574 3905 ψρὸρας,
589 3826 656 3876 μετα
668 3804 739 3858 >uda
784 3805 878 3871 citata,
898 3808 972 3878 cujus
991 3809 1113 3861 meminit
1132 3809 1219 3882 Hipp.
1231 3811 1292 3871 l.V,

227 3896 305 3942 νωτοῦ
312 3890 443 3957 ,ἢκηρου,
460 3885 502 3940 καὶ
518 3887 629 3950 πίσσης,
645 3886 687 3938 και
699 3906 739 3939 κε
784 3886 846 3956 aph.
865 3906 890 3950 r;
902 3887 1027 3940 balneum
1041 3900 1120 3940 etiam
1134 3903 1292 3963 sumptore-

227 3958 307 4036 tptnu
330 3969 409 4020 ituicu
433 3986 530 4036 καταχρ
518 3967 634 4036 ριόριενος.
659 3963 740 4029 Quod
784 3978 856 4018 retro
875 3966 1019 4019 tardiorem
1044 3968 1174 4022 vomitum
1195 3970 1292 4024 accele-

225 4051 302 4100 irater
327 4044 433 4117 κέδρινον
454 4058 532 4099 vocat
554 4043 738 4109 Dioscorides,
785 4057 833 4098 rat.
851 4046 959 4100 Paulus
977 4049 1043 4099 Dan.
